3210 5244
549 199 678 292 riorus
707 237 957 294 xxxvio-xa.
1359 215 1406 292 tt

101 413 262 505 plegiavit*
290 413 377 480 malb.
402 406 570 479 unistario'
596 412 653 478 hoc
682 424 726 478 cst
757 409 841 478 1400
870 410 1001 476 dinarios
1029 411 1079 499 qui
1101 407 1213 476 iaciunt
1234 408 1345 475 solidos
1368 403 1410 476 35
1429 423 1509 482 ⁸22t.

101 531 252 620 culpabilis
275 529 422 598 iudicetur
442 526 569 620 excepto
593 518 716 618 ca'pitale
739 541 769 594 et
790 528 924 594 dilutura.
967 526 1025 612 Qui
1049 525 1193 592 consessio
1216 527 1294 592 servi
1316 545 1411 615 usqua

101 647 134 714 ad
157 647 178 714 3
201 649 379 740 plagiatores
403 645 580 726 admittitur,
611 644 663 712 scd
691 667 753 712 eam
776 659 872 712 tamen
894 645 1042 710 racionem
1065 656 1100 708 ut
1122 644 1238 728 nomina
1260 641 1411 708 hominum

103 778 129 831 11
148 765 287 830 villarum
311 785 425 852 semper
448 763 553 829 debeat
574 765 734 829 nominare.
803 761 833 828 3.
858 759 891 826 Si
915 763 980 850 quis
1003 760 1151 825 hominem
1174 762 1331 849 ingenuum
1348 759 1412 847 pla·
1428 745 1489 873 {ff}

79 881 223 969 agiaverit
245 893 276 946 et
297 879 463 946 vendiderit
485 891 514 946 ct
535 880 674 969 probatio
698 893 777 949 certa
792 899 852 942 nou
868 876 965 956 inerit,
990 879 1066 942 sicut
1081 899 1136 965 pro
1154 879 1252 942 occiso
1268 879 1412 942 iuratores

102 997 166 1062 dare
196 995 293 1063 dehet.
324 999 349 1062 si
371 999 517 1064 iuratores
539 1019 599 1062 non
622 982 753 1084 potuerit
777 996 908 1061 invenire
920 987 941 1073 ⁸,
966 993 1053 1061 8000
1077 993 1206 1058 dinarios
1230 996 1281 1082 qui
1302 991 1414 1058 iaciunt

101 1111 654 1202 11110112001111111111114111111.
716 1111 747 1180 4.
772 1111 955 1178 SiRomano
972 1111 1157 1201 plagiaverit,
1181 1108 1268 1178 2500
1284 1108 1412 1178 dinarios
1491 1101 1495 1110 ’

102 1233 146 1320 qui
170 1228 283 1297 faciunt
305 1228 418 1298 solidos
442 1225 524 1318 62¹4
552 1228 705 1319 culpabilis
728 1228 883 1317 iudicetur.

720 1419 791 1498 XL.

69 1603 88 1644 u
128 1614 133 1619 ·
188 1579 217 1648 1.
241 1578 275 1647 st
291 1601 394 1647 servus
408 1583 438 1647 in
454 1581 564 1664 lurtum
581 1579 670 1647 suerit
685 1581 861 1668 inculpatus.
886 1576 936 1680 'si
950 1577 1016 1646 talis
1031 1577 1120 1644 inerit
1135 1599 1224 1644 eausa
1239 1577 1318 1644 unde
1333 1580 1414 1666 inge·
1435 1583 1516 1642 ⁰31t.

100 1694 262 1764 1111600
285 1697 415 1764 dinarios
439 1701 489 1787 qui
512 1697 624 1764 iaciunt
646 1697 758 1762 solidos
784 1695 823 1763 15
848 1717 1014 1784 conponere
1030 1695 1182 1773 debuerat,
1206 1715 1309 1760 servus
1325 1715 1415 1782 super
1483 1715 1488 1728 ·

101 1835 247 1882 scamnum
270 1826 371 1879 tensus
396 1812 459 1880 120
481 1817 555 1880 ictus
579 1815 712 1902 accipiat.
749 1812 782 1879 Si
805 1835 876 1879 vero
894 1826 1050 1901 antequam
1066 1823 1225 1900 torquetur
1239 1810 1329 1876 inerit
1343 1833 1414 1876 con·

100 1931 190 1998 lessus
214 1939 243 1996 et
265 1933 291 1995 ei
314 1953 380 1996 cum
403 1929 523 1996 domino
546 1934 625 1996 servi
641 1933 820 2008 convenerit,
847 1928 909 1996 120
928 1928 1058 1994 dinarios
1074 1931 1125 2017 qui
1140 1928 1251 1994 iaciunt
1265 1925 1412 1993 solidos3

100 2071 151 2136 pro
182 2047 304 2114 dorsum
328 2067 414 2113 suum
437 2046 590 2136 culpabilis
613 2027 760 2113 iudicetur
782 2060 812 2112 11
834 2046 956 2134 capitale
980 2027 1115 2110 dominus
1137 2043 1250 2110 reddat.
1318 2043 1348 2110 2.
1379 2039 1413 2110 st

67 2181 87 2222 ¹⁵
101 2177 194 2230 tamen
214 2167 308 2230 maior
329 2165 414 2253 culpa
436 2163 525 2230 suerit
545 2161 624 2230 unde
639 2166 784 2252 ingenuus
803 2161 888 2228 1400
904 2162 1034 2228 dinarios
1052 2165 1102 2251 qui
1117 2160 1229 2226 faciunt
1243 2157 1354 2226 solidos
1370 2147 1411 2228 3'5

100 2280 218 2347 reddere
246 2279 348 2359 debet,
378 2281 510 2347 similiter
531 2303 634 2347 servus
660 2279 722 2346 120
750 2281 870 2368 colapos
893 2282 1025 2368 accipiat.
1071 2278 1157 2344 Etsi
1179 2277 1330 2344 consessus
1352 2296 1413 2343 noo

101 2397 197 2476 inerit,
222 2395 270 2463 ille
293 2399 344 2486 qui
367 2418 432 2461 eum
455 2410 574 2486 torquet
597 2401 622 2462 si
645 2396 742 2462 adhuc
764 2396 891 2462 volucrit
912 2395 1008 2484 ipsum
1030 2417 1147 2462 servum
1167 2408 1307 2484 torquere
1326 2396 1411 2460 etiam

101 2515 213 2580 nolente
234 2513 363 2589 domino,
387 2515 495 2602 pignus
517 2513 644 2601 domiuo¹
660 2517 737 2580 servi
761 2511 830 2578 dare
854 2511 950 2580 debet.
980 2517 1022 2578 sic
1044 2533 1147 2582 seruus
1163 2525 1272 2601 postea
1288 2511 1325 2576 ad
1341 2531 1412 2599 sup·
1429 2529 1489 2588 315,

101 2631 189 2717 pliciis
219 2629 381 2695 maioribus
412 2629 558 2697 subditur.
604 2630 643 2696 Et
668 2634 693 2696 si
717 2627 991 2709 consessus-inerit,
1015 2628 1089 2694 nihil
1110 2629 1157 2696 ille
1179 2651 1269 2717 super
1290 2627 1410 2694 dominu

68 2745 245 2812 timedatur.
266 2749 330 2834 ipsc
349 2767 420 2812 vero
442 2747 523 2812 illum
544 2769 661 2813 servum
681 2751 710 2814 in
733 2759 908 2836 potestatem
927 2745 1083 2812 habiturus
1106 2759 1151 2812 cst
1166 2749 1217 2835 qui
1232 2767 1298 2811 oum
1313 2747 1411 2824 torsit,

102 2863 233 2928 dominus
256 2878 327 2928 vero
349 2865 427 2928 servi
448 2862 527 2930 unde
549 2866 606 2928 iam
630 2868 737 2953 pignus
760 2867 873 2952 accepit
886 2866 1017 2953 precium
1031 2885 1087 2952 pro
1104 2885 1159 2929 suo
1174 2883 1260 2928 servo
1276 2863 1409 2950 accipiat.

104 2979 130 3046 Si
151 3002 223 3046 vero
243 2981 322 3044 iutra
345 2981 444 3067 priora
467 2981 612 3068 supplicia
633 2980 710 3060 idest
731 2981 808 3046 inira
833 2978 896 3046 120
919 2979 1038 3068 colapos
1061 2979 1150 3046 inerit
1167 2979 1334 3059 consessus,
1359 2989 1412 3046 aut

102 3109 241 3164 castretur
263 3109 315 3162 aut
337 3095 401 3162 240
423 3094 553 3163 dinarius
577 3101 628 3187 qul
650 3097 762 3164 iaciunt
782 3096 893 3164 solidos
916 3094 937 3162 6
955 3095 1068 3173 reddat,
1093 3096 1230 3162 dominus
1244 3119 1316 3164 vero
1334 3099 1411 3164 servi

100 3214 218 3302 capitale
234 3215 395 3302 requirenti
412 3217 558 3281 restituat.
616 3213 646 3281 3.
670 3215 704 3282 Si
719 3237 790 3281 vcro
807 3217 838 3279 in
854 3215 963 3280 maiore
979 3215 1098 3279 crimine
1113 3235 1217 3282 servus
1231 3215 1409 3308 inculpatur,

63 3330 171 3398 uideat
198 3329 278 3396 unde
300 3333 445 3420 ingenuus
471 3328 556 3397 1800
579 3330 709 3398 dinarios
733 3335 784 3421 qui
805 3331 918 3398 iaciunt
939 3329 1050 3398 solidos
1072 3329 1115 3396 45
1138 3333 1235 3419 possit
1257 3330 1410 3419 culpabilis

98 3447 219 3514 iudicari
234 3450 355 3514 1111111
376 3449 519 3536 supplicia
543 3448 695 3514 consessus
717 3447 815 3526 suerit,
840 3448 957 3536 capitali
979 3449 1122 3514 sententia
1139 3446 1270 3515 feriatur.
1321 3446 1352 3514 4.
1376 3447 1410 3514 St
1460 3500 1466 3511 .

97 3587 167 3630 vcro
190 3585 293 3630 servus
316 3568 348 3630 in
371 3564 504 3652 quolibet
518 3569 636 3632 crimine
652 3545 909 3654 conprehenditur,
934 3563 1070 3632 dominus
1086 3568 1164 3632 servi
1177 3567 1271 3654 ipsius
1286 3559 1311 3632 si
1326 3587 1410 3654 prae-

96 3701 162 3746 sens
184 3694 229 3746 est
250 3679 288 3746 ab
312 3703 348 3746 eo
372 3684 422 3770 qui
444 3695 580 3771 sequeret
602 3681 757 3747 admonere
781 3679 876 3760 debet,
899 3694 934 3747 ut
955 3703 1072 3748 servum
1095 3703 1182 3748 sunm
1202 3682 1307 3748 debeat
1324 3684 1409 3749 iustis

66 3855 71 3862 .
96 3797 246 3886 suppliciis
270 3796 349 3875 dare,
372 3797 426 3864 ubi
441 3801 492 3887 qui
507 3801 614 3888 repetit
628 3801 727 3889 virgas
742 3811 860 3887 paratas
875 3798 983 3865 hahere
999 3797 1095 3879 debet,
1120 3821 1195 3888 quae
1210 3799 1248 3865 ad
1262 3803 1410 3890 magnitu·
1426 3813 1487 3873 311.

57 3931 82 3972 t·
98 3914 193 3980 dinem
214 3916 336 3980 minoris
360 3913 444 4005 digiti
466 3917 525 3980 siut
549 3917 595 3992 [ct'
607 3916 812 4005 quoaequales,
838 3928 866 3981 ct
881 3912 994 3999 senum]
1012 3930 1041 3982 ct
1058 3929 1340 4004 scamnum-praesto
1356 3915 1409 3983 ulti

96 4053 182 4097 servo
197 4035 263 4120 ipso
279 4031 398 4098 tendere
410 4031 524 4098 debeat.
552 4029 586 4096 Si
602 4031 738 4098 dominus
752 4033 831 4098 servi
846 4034 989 4121 supplicia
1001 4032 1147 4098 distulerit
1161 4045 1191 4098 et
1205 4055 1308 4098 servus
1323 4053 1409 4122 prae-

95 4169 164 4213 sens
185 4147 282 4226 luerit,
308 4151 448 4214 continuo
471 4149 518 4214 ille
541 4151 591 4236 qui
613 4151 720 4236 repetit
744 4147 862 4215 domino
881 4151 971 4215 solem
992 4149 1136 4214 collocare
1154 4147 1250 4229 debet,
1275 4163 1305 4216 ct
1319 4153 1362 4217 sic
1377 4153 1409 4216 ia

95 4277 206 4352 septem
227 4279 329 4332 noctes
351 4266 489 4354 placitum
512 4265 606 4330 iacere
630 4263 717 4330 debet
738 4279 772 4330 ut
794 4289 910 4331 servum
933 4287 1019 4332 suum
1042 4265 1080 4331 ad
1102 4269 1278 4356 supplicium
1298 4268 1405 4335 tradat.

96 4381 186 4469 Quod
212 4387 237 4450 si
265 4382 302 4450 ad
331 4395 441 4472 septem
468 4397 569 4449 noctes
598 4404 714 4448 servum
737 4382 852 4448 tradere
876 4383 1034 4488 distulerit,
1066 4385 1157 4450 solem
1180 4389 1205 4453 ei
1229 4389 1279 4476 qui
1301 4388 1407 4476 repetii

86 4605 90 4616 .
136 4565 157 4634 ¹)
173 4565 213 4622 ilo
229 4567 255 4624 2.
278 4567 355 4622 mallo
374 4566 399 4622 3.
423 4565 499 4621 mallo
518 4568 683 4622 uniridarium
696 4565 721 4623 6.
813 4567 834 4638 ³)
851 4565 926 4624 malb.
945 4565 1073 4624 falconum
1090 4567 1116 4624 2.

95 4653 190 4710 maioni
208 4657 316 4712 eridario
328 4656 353 4713 7.
373 4657 574 4716 malonieridario
587 4658 612 4716 8.
632 4657 721 4716 mallo·

96 4745 141 4805 uie
158 4743 247 4826 ridario
265 4745 290 4806 9.
345 4831 347 4840 ‚
