3210 5244
198 223 235 300 8λ
738 241 807 325 cea
837 237 965 298 666666.

199 413 353 505 culpabilis
376 413 531 482 iudicetur.
601 411 631 478 3.
655 411 689 478 Si
712 415 778 501 quis
802 413 908 480 animal
930 427 983 480 661
1005 413 1159 504 quodlibet
1179 435 1270 503 pecus
1284 437 1338 504 per
1353 437 1408 483 sua
1422 419 1510 506 negli-

198 535 298 621 gentia
320 533 456 597 nocuerit
478 545 508 596 61
529 531 587 595 hoc
610 529 762 595 consessus
786 529 883 608 luerit,
908 530 1031 617 capitale
1052 533 1081 595 in
1097 532 1194 596 locum
1209 533 1355 610 restituat,
1378 534 1427 599 1116
1443 555 1509 599 vero

199 647 323 714 debilem
348 647 386 714 ad
408 669 440 712 se
463 647 613 734 recoligat.
660 647 685 709 si
708 667 779 710 vero
802 647 955 734 negaverit
977 657 1006 711 et
1028 649 1054 712 ei
1076 647 1166 712 166611
1187 645 1398 735 adprobatum,
1426 650 1509 715 malb.

198 757 354 832 leudardi⁸
380 765 439 829 hoc
467 776 512 829 cst
541 759 606 828 600
632 760 761 828 dinarios
785 765 836 850 qui
858 762 970 828 faciunt
992 759 1103 828 solidos
1128 760 1168 828 15
1192 763 1347 850 culpabilis
1361 765 1514 831 iudicetur

199 891 323 970 excepto
357 879 480 971 capitale
509 892 539 943 61
567 877 700 944 dilatum.
774 877 805 944 4.
843 877 889 944 si·
904 879 1027 944 alicuius
1055 881 1140 966 porei
1169 892 1221 944 aut
1249 879 1381 967 qualibet
1407 905 1539 970 peeoraa

200 995 308 1086 [ipsum
339 990 563 1076 costodientem]
593 997 624 1058 16
647 1015 741 1061 messe
764 995 858 1062 aliena
881 997 1027 1062 currerint
1050 1007 1080 1060 61
1101 993 1182 1060 illum
1195 1009 1358 1084 negantem
1381 1001 1408 1064 ei
1430 997 1516 1063 luerit

199 1111 397 1202 adprobatum
414 1107 434 1190 ⁴,
469 1109 535 1178 600
570 1110 700 1177 dinarios
733 1115 785 1200 qui
819 1110 932 1177 faciunt
962 1109 1073 1176 solidos
1105 1108 1144 1176 15
1177 1111 1330 1199 culpabilis
1359 1112 1514 1179 iudicetur.

199 1229 229 1297 5.
260 1229 293 1296 Si
322 1230 388 1318 quis
411 1250 482 1294 vero
510 1249 620 1316 pecora
649 1226 685 1293 de
714 1225 851 1294 damnum
881 1231 911 1292 16
939 1227 1074 1292 clausura
1095 1226 1206 1292 1666161
1228 1229 1279 1315 qui
1295 1208 1351 1293 ¹eas
1373 1229 1516 1295 violenter

184 1347 344 1434 ¹expellere
377 1347 608 1433 praesumpserit
619 1341 639 1422 ⁸,
676 1341 743 1410 600
771 1345 901 1409 dinarios
931 1347 981 1432 qui
1010 1341 1122 1408 faciunt
1149 1342 1261 1408 solidos
1292 1341 1333 1410 15
1363 1343 1516 1432 culpabilis

200 1462 355 1529 iudicetur.
426 1457 456 1526 6.
486 1459 519 1526 Si
549 1463 615 1548 quis
644 1483 715 1526 vero
743 1459 851 1548 pecor'a
883 1459 919 1526 de
948 1459 1085 1528 damnum
1114 1443 1269 1526 666666
1299 1455 1396 1542 [cuius
1424 1483 1516 1526 messe
1530 1487 1549 1527 6

72 1603 73 1608 ’
199 1573 391 1660 vastaverint]
420 1579 569 1642 minantur
598 1580 648 1665 qui
682 1579 730 1642 ca's
759 1589 897 1642 excutere
925 1577 1155 1664 praesumpserit
1167 1570 1191 1654 ⁶,
1225 1573 1290 1641 600
1313 1577 1444 1642 dinarios
1467 1580 1517 1665 qui

200 1696 311 1761 1661661
340 1693 452 1760 solidos
483 1690 523 1758 15
554 1693 708 1781 culpabilis
731 1692 886 1758 iudicetur.
956 1691 986 1756 7.
1002 1689 1049 1779 'Si
1071 1713 1144 1758 vero
1165 1713 1276 1780 pecora
1299 1690 1335 1757 66
1357 1665 1465 1758 damno
1486 1695 1517 1758 in

200 1814 335 1880 clausura
357 1811 476 1887 luerint,
501 1809 549 1874 1116
572 1812 655 1874 cuius
678 1830 787 1896 pecora
809 1822 879 1874 sunl
895 1805 1001 1874 damno
1018 1810 1049 1871 in
1064 1821 1219 1874 steinalum
1234 1807 1340 1874 666661
1355 1821 1384 1874 61
1397 1812 1518 1896 insuper

86 1961 95 1978 ·
202 1928 242 1995 10
265 1927 396 1994 dinarios
419 1925 574 2014 culpabilis
597 1924 753 1992 iudicetur.
815 1925 845 1991 8.
869 1923 904 1990 Si
919 1947 991 1989 vero
1006 1947 1060 2012 per
1074 1927 1228 1990 inimicicia
1245 1937 1297 1990 ant
1311 1947 1367 2012 per
1379 1925 1517 2012 superbia

199 2067 296 2133 sepem
326 2044 448 2109 alienam
477 2044 626 2131 aperuerit
654 2055 683 2106 61
710 2043 741 2106 16
768 2063 861 2108 messe
883 2042 930 2106 vel
959 2040 1090 2130 qualibet
1110 2041 1243 2107 laborem
1265 2063 1374 2129 pecora
1396 2043 1514 2118 miserit,
1529 2069 1548 2108 6

199 2165 283 2238 66166
311 2161 397 2226 labor
424 2173 469 2226 est
497 2163 523 2225 si
553 2161 727 2224 convinctus
758 2181 824 2222 eum
852 2157 943 2223 suerit
968 2159 1006 2222 ad
1027 2157 1171 2236 testibus,
1200 2171 1357 2224 stemalum
1380 2157 1516 2224 damnum

198 2271 325 2346 reddat⁷
348 2290 378 2345 61
399 2279 520 2366 insuper
546 2273 631 2342 1200
654 2274 784 2341 dinarios
807 2276 859 2364 qui
875 2273 988 2340 faciunt
1004 2274 1116 2340 solidos
1133 2272 1176 2340 30
1192 2274 1346 2362 culpabilis
1361 2273 1515 2342 indicetur.

487 2465 530 2543 X.
571 2466 624 2542 Dc
652 2465 766 2542 servis
794 2475 856 2539 aut
881 2463 1063 2564 mancipiis
1090 2463 1226 2540 furatis.
1277 2535 1279 2542 .

137 2645 179 2702 35.
289 2627 317 2696 1'.
342 2626 375 2695 Si
401 2629 471 2716 quis·
490 2647 608 2692 servum
631 2637 683 2704 aut
706 2624 848 2690 cavallum
871 2623 1515 2696 6611666616616666661166116661166-

198 2746 357 2836 probatum
385 2741 473 2810 malb.
504 2735 663 2810 6116161616ι
691 2741 750 2808 hoc
778 2755 823 2807 est
852 2738 938 2835 1200
969 2739 1098 2806 dinarios
1128 2739 1547 2829 66116616616611666306

119 2873 180 2933 285.
199 2863 352 2950 culpabilis
375 2861 531 2928 iudicetur.
599 2859 630 2926 2.
654 2858 688 2926 Si
710 2879 814 2924 servus
837 2856 1016 2931 6616661116
1040 2839 1195 2946 cumipse
1218 2861 1347 2948 ingenuo
1372 2857 1514 2926 derebus

199 2981 310 3048 domini
332 2982 379 3046 sui
401 2977 514 3068 aliquid
535 2979 708 3066 portaverit,
731 2975 781 3042 166
802 2985 920 3064 praeter
942 2973 1024 3063 quod
1037 2977 1102 3041 eius
1117 2977 1263 3063 mancipia
1278 2988 1308 3068 61
1320 2959 1369 3042 666
1383 2979 1515 3052 restituat

199 3111 228 3164 61
257 3101 378 3186 insuper
404 3095 492 3162 malb.
514 3087 695 3162 theobardi’
723 3093 781 3160 hoc
799 3097 853 3160 'est
882 3090 948 3160 600
976 3092 1105 3160 dinarios
1133 3095 1185 3182 qui
1207 3091 1319 3160 iaciunt
1340 3093 1453 3160 solidos
1477 3090 1513 3160 15

71 3280 76 3294 .
118 3229 180 3288 ¹36.
199 3214 353 3304 culpabilis
375 3209 557 3280 iudicatum*

429 3400 488 3480 Xl.
528 3401 580 3478 De
606 3399 709 3478 furtis
737 3385 970 3501 ingenuorum
997 3399 1056 3477 vel
1084 3398 1292 3476 effracturis,
1329 3503 1331 3510 Ι
1528 3449 1548 3488 ,⁵

288 3563 317 3631 1.
348 3563 382 3631 Si
413 3566 479 3653 quis
506 3565 651 3651 ingenuus
679 3559 752 3627 foris
782 3584 851 3627 casa
879 3561 961 3650 quod
990 3563 1062 3628 valit
1089 3560 1166 3626 duos
1190 3560 1320 3628 dinarios
1342 3553 1512 3637 16666661

199 3683 263 3752 600
286 3682 417 3749 dinarios
441 3682 492 3770 qui
514 3679 627 3779 1661661
648 3677 760 3744 solidos
785 3677 825 3744 15
850 3677 1004 3766 culpabilis
1027 3677 1183 3746 iudicetur.
1231 3677 1261 3744 2.
1292 3675 1326 3746 Si
1348 3699 1420 3744 vero
1443 3675 1513 3742 ioris

199 3818 266 3868 casa
289 3797 371 3890 quod
393 3798 467 3864 valio
489 3795 532 3864 40
555 3795 684 3862 dinarios
707 3795 850 3864 iuraverit
873 3807 902 3863 61
924 3798 950 3861 61
967 3793 1057 3860 fuerit
1074 3795 1271 3886 adprobatum
1284 3789 1304 3874 ',
1331 3792 1416 3861 1100
1434 3793 1513 3859 6166·

238 4031 259 4100 ⁸)
281 4029 324 4087 116
339 4028 363 4086 1.
375 4028 402 4085 8.
429 4027 722 4085 166666661261666666
735 4025 759 4083 6.
777 4025 832 4082 leo·
926 4026 945 4098 1)
967 4026 1043 4084 malb.
1060 4025 1176 4083 leodardi
1193 4023 1219 4082 2.
1232 4021 1258 4082 7.
1270 4023 1296 4080 9.
1310 4022 1351 4082 10.
1374 4022 1514 4083 166116166·

201 4119 315 4176 666617.
334 4119 360 4176 9.
379 4118 421 4176 10.
886 4116 1000 4174 666618.

238 4212 260 4282 4)
283 4211 359 4266 malb.
371 4209 486 4265 leodardi
503 4209 530 4265 2.
556 4209 631 4264 malb.
645 4208 759 4262 andesito
777 4208 832 4263 leo·
885 4210 919 4265 X.
938 4209 957 4279 ,¹)
970 4207 1013 4264 ilc
1026 4207 1050 4264 1.
1068 4205 1191 4262 16666666
1203 4203 1230 4260 2.
1247 4203 1308 4260 theu
1321 4202 1513 4262 1161666610.

202 4299 323 4358 666666.
348 4300 550 4357 66611).66666116
570 4297 595 4354 7.
613 4296 639 4353 8.
663 4297 739 4353 malb.
751 4315 782 4352 66
801 4298 832 4354 66
925 4299 945 4368 Ι)
967 4297 1010 4353 ila
1028 4296 1053 4352 1.
1091 4294 1230 4366 teophardo
1271 4293 1298 4348 5.
1315 4293 1469 4368 theopbardo
1486 4291 1513 4347 6.

201 4393 250 4446 6116
270 4389 295 4446 9.
328 4389 404 4447 malb.
421 4389 536 4446 leodardi
555 4391 610 4444 sive
627 4388 691 4445 ande
709 4390 769 4443 sitio
790 4387 832 4445 10.
885 4387 1025 4444 theobardo
1044 4383 1069 4440 7.
1087 4383 1113 4440 8.
1144 4383 1265 4439 leobardo
1284 4381 1310 4438 9.
1340 4380 1511 4440 1666666110.

239 4481 261 4549 ¹)
284 4478 359 4534 malb.
378 4479 469 4536 exsulo
487 4479 513 4536 2.
862 4512 865 4519 ·
886 4479 934 4532 Xl.
965 4478 983 4548 ¹)
1006 4473 1082 4529 malb.
1095 4473 1210 4530 leodardi
1227 4472 1253 4530 2.
1279 4472 1356 4530 malb.
1368 4473 1469 4528 leodard
1485 4469 1512 4529 6.

240 4569 261 4638 ⁸)
284 4568 359 4625 malb.
373 4578 445 4624 66616
464 4569 490 4624 2.
513 4569 589 4624 malb.
602 4577 691 4625 excolo
709 4568 734 4624 6.
757 4568 833 4625 malb.
886 4566 961 4622 malb.
979 4573 1066 4619 taxaca
1083 4561 1108 4618 7.
1126 4561 1152 4618 6.
1171 4562 1196 4618 9.
1222 4561 1298 4618 malb.
1316 4560 1486 4618 1666666110.

202 4658 318 4730 bischele
337 4656 363 4712 7.
387 4659 559 4713 6616.61ιί616
578 4657 603 4714 8.
625 4648 788 4716 ’66166666
806 4657 832 4714 9.
925 4657 946 4725 ¹)
963 4654 1038 4710 malb.
1050 4663 1157 4726 texxaga
1169 4653 1194 4708 2.
1212 4651 1421 4708 61611).16666665.
1438 4649 1509 4706 malb.

202 4747 277 4806 malb.
296 4747 385 4804 6616616
405 4745 446 4802 10.
813 4781 817 4786 =
886 4755 972 4800 texaea
989 4743 1014 4800 6.
1033 4743 1075 4798 10.
1106 4742 1181 4799 malb.
1199 4751 1285 4820 taum
1303 4739 1328 4797 7.
1346 4741 1373 4797 8.
1390 4740 1415 4796 9.
