<?xml version="1.0" encoding="UTF-8"?>
<!DOCTYPE html PUBLIC "-//W3C//DTD XHTML 1.0 Transitional//EN"
    "http://www.w3.org/TR/xhtml1/DTD/xhtml1-transitional.dtd">
<html xmlns="http://www.w3.org/1999/xhtml" xml:lang="en" lang="en">
 <head>
  <title>
</title>
<meta http-equiv="Content-Type" content="text/html;charset=utf-8" />
  <meta name='ocr-system' content='tesseract 3.04.00' />
  <meta name='ocr-capabilities' content='ocr_page ocr_carea ocr_par ocr_line ocrx_word'/>
</head>
<body>
  <div class='ocr_page' id='page_1' title='image "./lexsalica01grimgoog_0149.png"; bbox 0 0 3236 5242; ppageno 0'>
   <div class='ocr_carea' id='block_1_1' title="bbox 245 181 1017 258">
    <p class='ocr_par' dir='ltr' id='par_1_1' title="bbox 245 181 1017 258">
     <span class='ocr_line' id='line_1_1' title="bbox 245 181 1017 258; baseline 0.001 -2"><span class='ocrx_word' id='word_1_1' title='bbox 245 181 294 258; x_wconf 84' lang='grc'><strong>12</strong></span> <span class='ocrx_word' id='word_1_2' title='bbox 378 229 379 232; x_wconf 17' lang='grc' dir='ltr'>π</span> <span class='ocrx_word' id='word_1_3' title='bbox 514 207 517 214; x_wconf 93' lang='grc'><strong><em>·</em></strong></span> <span class='ocrx_word' id='word_1_4' title='bbox 790 203 859 254; x_wconf 81' lang='lat' dir='ltr'><strong>srx</strong></span> <span class='ocrx_word' id='word_1_5' title='bbox 887 203 1017 257; x_wconf 81' lang='lat' dir='ltr'><strong>ssrrcr.</strong></span> 
     </span>
    </p>
   </div>
   <div class='ocr_carea' id='block_1_2' title="bbox 27 369 1617 3594">
    <p class='ocr_par' dir='ltr' id='par_1_2' title="bbox 27 369 1617 3594">
     <span class='ocr_line' id='line_1_2' title="bbox 218 369 1552 444; baseline 0 -18"><span class='ocrx_word' id='word_1_6' title='bbox 218 403 221 410; x_wconf 75' lang='lat'><em>=</em></span> <span class='ocrx_word' id='word_1_7' title='bbox 244 370 362 426; x_wconf 81' lang='lat' dir='ltr'><strong>malletur</strong></span> <span class='ocrx_word' id='word_1_8' title='bbox 380 371 403 424; x_wconf 87' lang='lat' dir='ltr'><strong>si</strong></span> <span class='ocrx_word' id='word_1_9' title='bbox 420 369 514 426; x_wconf 86' lang='lat' dir='ltr'><strong>ibidem</strong></span> <span class='ocrx_word' id='word_1_10' title='bbox 532 372 640 436; x_wconf 84' lang='lat' dir='ltr'><strong>venerit,</strong></span> <span class='ocrx_word' id='word_1_11' title='bbox 664 378 726 425; x_wconf 91' lang='lat' dir='ltr'><strong>tunc</strong></span> <span class='ocrx_word' id='word_1_12' title='bbox 744 372 788 444; x_wconf 91' lang='lat' dir='ltr'><strong>qui</strong></span> <span class='ocrx_word' id='word_1_13' title='bbox 807 389 864 426; x_wconf 89' lang='lat' dir='ltr'><strong>cum</strong></span> <span class='ocrx_word' id='word_1_14' title='bbox 883 371 1040 438; x_wconf 73' lang='lat' dir='ltr'><strong>adnullavit,</strong></span> <span class='ocrx_word' id='word_1_15' title='bbox 1059 374 1081 426; x_wconf 88' lang='lat' dir='ltr'><strong>si</strong></span> <span class='ocrx_word' id='word_1_16' title='bbox 1101 389 1175 428; x_wconf 87' lang='lat' dir='ltr'><strong>cansa</strong></span> <span class='ocrx_word' id='word_1_17' title='bbox 1193 373 1276 426; x_wconf 88' lang='lat' dir='ltr'><strong>minor</strong></span> <span class='ocrx_word' id='word_1_18' title='bbox 1293 371 1372 431; x_wconf 79' lang='lat' dir='ltr'><strong>fuerit</strong></span> <span class='ocrx_word' id='word_1_19' title='bbox 1390 370 1459 426; x_wconf 88' lang='lat' dir='ltr'><strong>unde</strong></span> <span class='ocrx_word' id='word_1_20' title='bbox 1477 371 1552 426; x_wconf 92' lang='lat' dir='ltr'><strong>minus</strong></span> 
     </span>
     <span class='ocr_line' id='line_1_3' title="bbox 246 466 1554 542; baseline 0 -18"><span class='ocrx_word' id='word_1_21' title='bbox 246 488 322 541; x_wconf 92' lang='lat' dir='ltr'><strong>quam</strong></span> <span class='ocrx_word' id='word_1_22' title='bbox 349 466 383 524; x_wconf 85' lang='grc'><strong>35</strong></span> <span class='ocrx_word' id='word_1_23' title='bbox 412 468 510 524; x_wconf 94' lang='lat' dir='ltr'><strong>solidos</strong></span> <span class='ocrx_word' id='word_1_24' title='bbox 540 469 717 542; x_wconf 72' lang='lat' dir='ltr'><strong>conpositione</strong></span> <span class='ocrx_word' id='word_1_25' title='bbox 740 467 842 535; x_wconf 80' lang='lat' dir='ltr'><strong>habeat,</strong></span> <span class='ocrx_word' id='word_1_26' title='bbox 867 467 942 524; x_wconf 84' lang='lat' dir='ltr'><strong>debet</strong></span> <span class='ocrx_word' id='word_1_27' title='bbox 964 471 1014 524; x_wconf 88' lang='lat' dir='ltr'><strong>sibi</strong></span> <span class='ocrx_word' id='word_1_28' title='bbox 1038 479 1126 526; x_wconf 86' lang='lat' dir='ltr'><strong>sextus</strong></span> <span class='ocrx_word' id='word_1_29' title='bbox 1150 467 1343 540; x_wconf 79' lang='lat' dir='ltr'><strong>[nideredum]⁵</strong></span> <span class='ocrx_word' id='word_1_30' title='bbox 1364 471 1448 524; x_wconf 88' lang='lat' dir='ltr'><strong>iurare</strong></span> <span class='ocrx_word' id='word_1_31' title='bbox 1470 478 1496 524; x_wconf 91' lang='lat' dir='ltr'><strong>et</strong></span> <span class='ocrx_word' id='word_1_32' title='bbox 1516 468 1554 524; x_wconf 92' lang='lat' dir='ltr'><strong>ille</strong></span> 
     </span>
     <span class='ocr_line' id='line_1_4' title="bbox 244 566 1555 642; baseline -0.002 -20"><span class='ocrx_word' id='word_1_33' title='bbox 244 577 335 640; x_wconf 88' lang='lat' dir='ltr'><strong>postea</strong></span> <span class='ocrx_word' id='word_1_34' title='bbox 358 573 402 639; x_wconf 89' lang='lat' dir='ltr'><strong>qui</strong></span> <span class='ocrx_word' id='word_1_35' title='bbox 425 575 532 640; x_wconf 78' lang='lat' dir='ltr'><strong>rogatus</strong></span> <span class='ocrx_word' id='word_1_36' title='bbox 553 567 637 622; x_wconf 80' lang='lat' dir='ltr'><strong>fuerat</strong></span> <span class='ocrx_word' id='word_1_37' title='bbox 658 568 681 622; x_wconf 88' lang='lat' dir='ltr'><strong>si</strong></span> <span class='ocrx_word' id='word_1_38' title='bbox 700 583 728 622; x_wconf 89' lang='lat' dir='ltr'><strong>se</strong></span> <span class='ocrx_word' id='word_1_39' title='bbox 746 583 778 622; x_wconf 86' lang='lat' dir='ltr'><strong>ex</strong></span> <span class='ocrx_word' id='word_1_40' title='bbox 795 567 844 622; x_wconf 88' lang='lat' dir='ltr'><strong>hoc</strong></span> <span class='ocrx_word' id='word_1_41' title='bbox 861 567 955 623; x_wconf 87' lang='lat' dir='ltr'><strong>idoneo</strong></span> <span class='ocrx_word' id='word_1_42' title='bbox 975 585 1032 623; x_wconf 88' lang='lat' dir='ltr'><strong>csse</strong></span> <span class='ocrx_word' id='word_1_43' title='bbox 1050 577 1187 642; x_wconf 77' lang='lat' dir='ltr'><strong>cognoscet</strong></span> <span class='ocrx_word' id='word_1_44' title='bbox 1205 567 1284 638; x_wconf 89' lang='lat' dir='ltr'><strong>[eum]</strong></span> <span class='ocrx_word' id='word_1_45' title='bbox 1303 585 1360 623; x_wconf 88' lang='lat' dir='ltr'><strong>com</strong></span> <span class='ocrx_word' id='word_1_46' title='bbox 1379 566 1413 624; x_wconf 98' lang='grc'><strong>12</strong></span> <span class='ocrx_word' id='word_1_47' title='bbox 1431 567 1464 622; x_wconf 93' lang='lat' dir='ltr'><strong>ad</strong></span> <span class='ocrx_word' id='word_1_48' title='bbox 1480 585 1555 622; x_wconf 85' lang='lat' dir='ltr'><strong>sacra·</strong></span> 
     </span>
     <span class='ocr_line' id='line_1_5' title="bbox 245 665 1555 738; baseline -0.002 -17"><span class='ocrx_word' id='word_1_49' title='bbox 245 675 358 721; x_wconf 88' lang='lat' dir='ltr'><strong>mentum</strong></span> <span class='ocrx_word' id='word_1_50' title='bbox 375 665 508 722; x_wconf 80' lang='lat' dir='ltr'><strong>absolvers</strong></span> <span class='ocrx_word' id='word_1_51' title='bbox 527 683 555 720; x_wconf 87' lang='lat' dir='ltr'><strong>se</strong></span> <span class='ocrx_word' id='word_1_52' title='bbox 573 665 670 721; x_wconf 74' lang='lat' dir='ltr'><strong>debet·</strong></span> <span class='ocrx_word' id='word_1_53' title='bbox 683 665 712 721; x_wconf 84' lang='lat' dir='ltr'><strong>si</strong></span> <span class='ocrx_word' id='word_1_54' title='bbox 729 681 790 722; x_wconf 86' lang='lat' dir='ltr'><strong>vcro</strong></span> <span class='ocrx_word' id='word_1_55' title='bbox 809 668 890 721; x_wconf 90' lang='lat' dir='ltr'><strong>maior</strong></span> <span class='ocrx_word' id='word_1_56' title='bbox 906 665 985 722; x_wconf 74' lang='lat' dir='ltr'><strong>iirsut</strong></span> <span class='ocrx_word' id='word_1_57' title='bbox 1003 684 1077 722; x_wconf 85' lang='lat' dir='ltr'><strong>causa</strong></span> <span class='ocrx_word' id='word_1_58' title='bbox 1094 667 1163 723; x_wconf 90' lang='lat' dir='ltr'><strong>unde</strong></span> <span class='ocrx_word' id='word_1_59' title='bbox 1180 665 1214 724; x_wconf 79' lang='grc'><strong>35</strong></span> <span class='ocrx_word' id='word_1_60' title='bbox 1233 665 1333 724; x_wconf 88' lang='lat' dir='ltr'><strong>solidos</strong></span> <span class='ocrx_word' id='word_1_61' title='bbox 1350 665 1484 738; x_wconf 81' lang='lat' dir='ltr'><strong>culpabilis</strong></span> <span class='ocrx_word' id='word_1_62' title='bbox 1495 665 1555 720; x_wconf 91' lang='lat' dir='ltr'><strong>iudi·</strong></span> 
     </span>
     <span class='ocr_line' id='line_1_6' title="bbox 246 765 1577 837; baseline -0.002 -19"><span class='ocrx_word' id='word_1_63' title='bbox 246 773 316 820; x_wconf 91' lang='lat' dir='ltr'><strong>cetur</strong></span> <span class='ocrx_word' id='word_1_64' title='bbox 334 766 357 818; x_wconf 91' lang='lat' dir='ltr'><strong>si</strong></span> <span class='ocrx_word' id='word_1_65' title='bbox 374 765 488 820; x_wconf 81' lang='lat' dir='ltr'><strong>iuvenire</strong></span> <span class='ocrx_word' id='word_1_66' title='bbox 505 765 590 836; x_wconf 88' lang='lat' dir='ltr'><strong>possit</strong></span> <span class='ocrx_word' id='word_1_67' title='bbox 607 765 661 819; x_wconf 84' lang='lat' dir='ltr'><strong>sive</strong></span> <span class='ocrx_word' id='word_1_68' title='bbox 679 766 759 820; x_wconf 91' lang='lat' dir='ltr'><strong>maior</strong></span> <span class='ocrx_word' id='word_1_69' title='bbox 777 783 899 820; x_wconf 90' lang='lat' dir='ltr'><strong>uumerus</strong></span> <span class='ocrx_word' id='word_1_70' title='bbox 918 773 958 820; x_wconf 88' lang='lat' dir='ltr'><strong>est</strong></span> <span class='ocrx_word' id='word_1_71' title='bbox 976 765 1043 820; x_wconf 90' lang='lat' dir='ltr'><strong>unde</strong></span> <span class='ocrx_word' id='word_1_72' title='bbox 1058 765 1190 821; x_wconf 73' lang='lat' dir='ltr'><strong>minucio</strong></span> <span class='ocrx_word' id='word_1_73' title='bbox 1203 765 1302 822; x_wconf 85' lang='lat' dir='ltr'><strong>solidos</strong></span> <span class='ocrx_word' id='word_1_74' title='bbox 1315 765 1577 837; x_wconf 80' lang='lat' dir='ltr'><strong>iudicarcpoterant,t</strong></span> 
     </span>
     <span class='ocr_line' id='line_1_7' title="bbox 244 861 1555 936; baseline -0.001 -19"><span class='ocrx_word' id='word_1_75' title='bbox 244 866 299 936; x_wconf 88' lang='lat' dir='ltr'><strong>ipse</strong></span> <span class='ocrx_word' id='word_1_76' title='bbox 323 865 368 936; x_wconf 91' lang='lat' dir='ltr'><strong>qni</strong></span> <span class='ocrx_word' id='word_1_77' title='bbox 391 881 448 918; x_wconf 93' lang='lat' dir='ltr'><strong>eum</strong></span> <span class='ocrx_word' id='word_1_78' title='bbox 471 864 572 936; x_wconf 81' lang='lat' dir='ltr'><strong>rogavit</strong></span> <span class='ocrx_word' id='word_1_79' title='bbox 594 863 643 917; x_wconf 86' lang='lat' dir='ltr'><strong>sibi</strong></span> <span class='ocrx_word' id='word_1_80' title='bbox 666 881 750 918; x_wconf 89' lang='lat' dir='ltr'><strong>nonus</strong></span> <span class='ocrx_word' id='word_1_81' title='bbox 776 862 945 933; x_wconf 92' lang='lat' dir='ltr'><strong>[uideredum]</strong></span> <span class='ocrx_word' id='word_1_82' title='bbox 969 865 1053 919; x_wconf 91' lang='lat' dir='ltr'><strong>iurare</strong></span> <span class='ocrx_word' id='word_1_83' title='bbox 1076 864 1164 932; x_wconf 85' lang='lat' dir='ltr'><strong>debet,</strong></span> <span class='ocrx_word' id='word_1_84' title='bbox 1187 873 1212 919; x_wconf 92' lang='lat' dir='ltr'><strong>et</strong></span> <span class='ocrx_word' id='word_1_85' title='bbox 1233 863 1277 918; x_wconf 88' lang='lat' dir='ltr'><strong>ille</strong></span> <span class='ocrx_word' id='word_1_86' title='bbox 1296 866 1340 936; x_wconf 91' lang='lat' dir='ltr'><strong>qui</strong></span> <span class='ocrx_word' id='word_1_87' title='bbox 1359 861 1439 934; x_wconf 90' lang='lat' dir='ltr'><strong>[cum]</strong></span> <span class='ocrx_word' id='word_1_88' title='bbox 1457 871 1555 936; x_wconf 82' lang='lat' dir='ltr'><strong>rogatus</strong></span> 
     </span>
     <span class='ocr_line' id='line_1_8' title="bbox 246 960 1556 1034; baseline 0 -18"><span class='ocrx_word' id='word_1_89' title='bbox 246 971 285 1016; x_wconf 89' lang='lat' dir='ltr'><strong>cst</strong></span> <span class='ocrx_word' id='word_1_90' title='bbox 305 963 328 1016; x_wconf 89' lang='lat' dir='ltr'><strong>si</strong></span> <span class='ocrx_word' id='word_1_91' title='bbox 346 980 374 1016; x_wconf 90' lang='lat' dir='ltr'><strong>se</strong></span> <span class='ocrx_word' id='word_1_92' title='bbox 392 961 485 1016; x_wconf 88' lang='lat' dir='ltr'><strong>idoneo</strong></span> <span class='ocrx_word' id='word_1_93' title='bbox 505 977 561 1018; x_wconf 90' lang='lat' dir='ltr'><strong>csse</strong></span> <span class='ocrx_word' id='word_1_94' title='bbox 574 971 716 1034; x_wconf 85' lang='lat' dir='ltr'><strong>cognoscet</strong></span> <span class='ocrx_word' id='word_1_95' title='bbox 733 962 782 1018; x_wconf 89' lang='lat' dir='ltr'><strong>sibi</strong></span> <span class='ocrx_word' id='word_1_96' title='bbox 801 969 905 1016; x_wconf 84' lang='lat' dir='ltr'><strong>octavus</strong></span> <span class='ocrx_word' id='word_1_97' title='bbox 924 971 969 1020; x_wconf 86' lang='lat' dir='ltr'><strong>ant</strong></span> <span class='ocrx_word' id='word_1_98' title='bbox 987 963 1099 1021; x_wconf 88' lang='lat' dir='ltr'><strong>decimus</strong></span> <span class='ocrx_word' id='word_1_99' title='bbox 1119 963 1184 1020; x_wconf 89' lang='lat' dir='ltr'><strong>datis</strong></span> <span class='ocrx_word' id='word_1_100' title='bbox 1203 963 1365 1020; x_wconf 73' lang='lat' dir='ltr'><strong>sacramentis</strong></span> <span class='ocrx_word' id='word_1_101' title='bbox 1384 960 1516 1018; x_wconf 83' lang='lat' dir='ltr'><strong>absolvere</strong></span> <span class='ocrx_word' id='word_1_102' title='bbox 1532 979 1556 1016; x_wconf 91' lang='lat' dir='ltr'><strong>sc</strong></span> 
     </span>
     <span class='ocr_line' id='line_1_9' title="bbox 246 1058 1555 1136; baseline -0.002 -20"><span class='ocrx_word' id='word_1_103' title='bbox 246 1061 328 1116; x_wconf 83' lang='lat' dir='ltr'><strong>dehet.</strong></span> <span class='ocrx_word' id='word_1_104' title='bbox 365 1060 394 1114; x_wconf 89' lang='lat' dir='ltr'><strong>Si</strong></span> <span class='ocrx_word' id='word_1_105' title='bbox 418 1068 484 1114; x_wconf 88' lang='lat' dir='ltr'><strong>certe</strong></span> <span class='ocrx_word' id='word_1_106' title='bbox 505 1058 564 1114; x_wconf 85' lang='lat' dir='ltr'><strong>talis</strong></span> <span class='ocrx_word' id='word_1_107' title='bbox 589 1078 663 1114; x_wconf 88' lang='lat' dir='ltr'><strong>causa</strong></span> <span class='ocrx_word' id='word_1_108' title='bbox 686 1059 764 1114; x_wconf 86' lang='lat' dir='ltr'><strong>luerit</strong></span> <span class='ocrx_word' id='word_1_109' title='bbox 780 1059 849 1114; x_wconf 88' lang='lat' dir='ltr'><strong>unde</strong></span> <span class='ocrx_word' id='word_1_110' title='bbox 867 1058 901 1114; x_wconf 84' lang='grc'><strong>15</strong></span> <span class='ocrx_word' id='word_1_111' title='bbox 920 1060 1019 1116; x_wconf 89' lang='lat' dir='ltr'><strong>solidos</strong></span> <span class='ocrx_word' id='word_1_112' title='bbox 1039 1071 1084 1116; x_wconf 90' lang='lat' dir='ltr'><strong>aut</strong></span> <span class='ocrx_word' id='word_1_113' title='bbox 1102 1071 1167 1117; x_wconf 88' lang='lat' dir='ltr'><strong>certe</strong></span> <span class='ocrx_word' id='word_1_114' title='bbox 1185 1061 1293 1136; x_wconf 91' lang='lat' dir='ltr'><strong>amplius</strong></span> <span class='ocrx_word' id='word_1_115' title='bbox 1311 1079 1394 1134; x_wconf 90' lang='lat' dir='ltr'><strong>usque</strong></span> <span class='ocrx_word' id='word_1_116' title='bbox 1413 1060 1445 1118; x_wconf 88' lang='lat' dir='ltr'><strong>ad</strong></span> <span class='ocrx_word' id='word_1_117' title='bbox 1462 1059 1555 1114; x_wconf 88' lang='lat' dir='ltr'><strong>leudem</strong></span> 
     </span>
     <span class='ocr_line' id='line_1_10' title="bbox 194 1137 1556 1232; baseline 0 -20"><span class='ocrx_word' id='word_1_118' title='bbox 194 1137 196 1144; x_wconf 33' lang='grc' dir='ltr'>Ι</span> <span class='ocrx_word' id='word_1_119' title='bbox 247 1175 388 1232; x_wconf 81' lang='lat' dir='ltr'><strong>conponere</strong></span> <span class='ocrx_word' id='word_1_120' title='bbox 413 1157 495 1224; x_wconf 88' lang='lat' dir='ltr'><strong>debet,</strong></span> <span class='ocrx_word' id='word_1_121' title='bbox 514 1160 568 1230; x_wconf 92' lang='lat' dir='ltr'><strong>ipse</strong></span> <span class='ocrx_word' id='word_1_122' title='bbox 587 1159 631 1229; x_wconf 88' lang='lat' dir='ltr'><strong>qui</strong></span> <span class='ocrx_word' id='word_1_123' title='bbox 650 1175 706 1212; x_wconf 90' lang='lat' dir='ltr'><strong>eum</strong></span> <span class='ocrx_word' id='word_1_124' title='bbox 726 1155 837 1231; x_wconf 77' lang='lat' dir='ltr'><strong>[rogavit</strong></span> <span class='ocrx_word' id='word_1_125' title='bbox 854 1159 903 1212; x_wconf 88' lang='lat' dir='ltr'><strong>sibi</strong></span> <span class='ocrx_word' id='word_1_126' title='bbox 922 1157 1087 1214; x_wconf 88' lang='lat' dir='ltr'><strong>duodecimus</strong></span> <span class='ocrx_word' id='word_1_127' title='bbox 1106 1159 1256 1216; x_wconf 91' lang='lat' dir='ltr'><strong>uideredum</strong></span> <span class='ocrx_word' id='word_1_128' title='bbox 1273 1162 1357 1214; x_wconf 86' lang='lat' dir='ltr'><strong>iurare</strong></span> <span class='ocrx_word' id='word_1_129' title='bbox 1376 1159 1451 1214; x_wconf 88' lang='lat' dir='ltr'><strong>debet</strong></span> <span class='ocrx_word' id='word_1_130' title='bbox 1469 1161 1556 1232; x_wconf 88' lang='lat' dir='ltr'><strong>etipse</strong></span> 
     </span>
     <span class='ocr_line' id='line_1_11' title="bbox 246 1253 1588 1346; baseline -0.003 -35"><span class='ocrx_word' id='word_1_131' title='bbox 246 1255 301 1329; x_wconf 87' lang='lat' dir='ltr'><strong>quil</strong></span> <span class='ocrx_word' id='word_1_132' title='bbox 324 1263 430 1330; x_wconf 79' lang='lat' dir='ltr'><strong>rogatus</strong></span> <span class='ocrx_word' id='word_1_133' title='bbox 455 1263 495 1311; x_wconf 90' lang='lat' dir='ltr'><strong>est</strong></span> <span class='ocrx_word' id='word_1_134' title='bbox 518 1257 540 1310; x_wconf 89' lang='lat' dir='ltr'><strong>sl</strong></span> <span class='ocrx_word' id='word_1_135' title='bbox 563 1275 592 1310; x_wconf 87' lang='lat' dir='ltr'><strong>ss</strong></span> <span class='ocrx_word' id='word_1_136' title='bbox 613 1253 734 1311; x_wconf 88' lang='lat' dir='ltr'><strong>idoneum</strong></span> <span class='ocrx_word' id='word_1_137' title='bbox 753 1273 809 1346; x_wconf 76' lang='lat' dir='ltr'><strong>espc</strong></span> <span class='ocrx_word' id='word_1_138' title='bbox 828 1266 965 1329; x_wconf 75' lang='lat' dir='ltr'><strong>cognoscet</strong></span> <span class='ocrx_word' id='word_1_139' title='bbox 982 1275 1010 1312; x_wconf 91' lang='lat' dir='ltr'><strong>se</strong></span> <span class='ocrx_word' id='word_1_140' title='bbox 1030 1259 1175 1314; x_wconf 84' lang='lat' dir='ltr'><strong>vicissimus</strong></span> <span class='ocrx_word' id='word_1_141' title='bbox 1194 1261 1298 1330; x_wconf 87' lang='lat' dir='ltr'><strong>quintus</strong></span> <span class='ocrx_word' id='word_1_142' title='bbox 1318 1257 1383 1313; x_wconf 90' lang='lat' dir='ltr'><strong>datis</strong></span> <span class='ocrx_word' id='word_1_143' title='bbox 1402 1259 1556 1312; x_wconf 73' lang='lat' dir='ltr'><strong>sacramentis</strong></span> <span class='ocrx_word' id='word_1_144' title='bbox 1569 1268 1588 1307; x_wconf 86' lang='lat' dir='ltr'><strong>rt</strong></span> 
     </span>
     <span class='ocr_line' id='line_1_12' title="bbox 180 1333 1557 1429; baseline 0 -19"><span class='ocrx_word' id='word_1_145' title='bbox 180 1333 186 1342; x_wconf 30' lang='grc' dir='ltr'>ι</span> <span class='ocrx_word' id='word_1_146' title='bbox 246 1356 345 1412; x_wconf 81' lang='lat' dir='ltr'><strong>absolvi</strong></span> <span class='ocrx_word' id='word_1_147' title='bbox 362 1364 456 1428; x_wconf 91' lang='lat' dir='ltr'><strong>potest.</strong></span> <span class='ocrx_word' id='word_1_148' title='bbox 493 1355 522 1410; x_wconf 89' lang='lat' dir='ltr'><strong>Si</strong></span> <span class='ocrx_word' id='word_1_149' title='bbox 538 1367 601 1409; x_wconf 78' lang='lat' dir='ltr'><strong>vcro</strong></span> <span class='ocrx_word' id='word_1_150' title='bbox 622 1353 653 1408; x_wconf 91' lang='lat' dir='ltr'><strong>de</strong></span> <span class='ocrx_word' id='word_1_151' title='bbox 670 1353 771 1410; x_wconf 90' lang='lat' dir='ltr'><strong>leudem</strong></span> <span class='ocrx_word' id='word_1_152' title='bbox 790 1373 848 1410; x_wconf 87' lang='lat' dir='ltr'><strong>eum</strong></span> <span class='ocrx_word' id='word_1_153' title='bbox 864 1364 983 1429; x_wconf 71' lang='lat' dir='ltr'><strong>rogatum</strong></span> <span class='ocrx_word' id='word_1_154' title='bbox 1001 1356 1084 1422; x_wconf 81' lang='lat' dir='ltr'><strong>habet,</strong></span> <span class='ocrx_word' id='word_1_155' title='bbox 1103 1356 1179 1412; x_wconf 84' lang='lat' dir='ltr'><strong>dehet</strong></span> <span class='ocrx_word' id='word_1_156' title='bbox 1196 1360 1241 1429; x_wconf 88' lang='lat' dir='ltr'><strong>qui</strong></span> <span class='ocrx_word' id='word_1_157' title='bbox 1260 1375 1318 1412; x_wconf 88' lang='lat' dir='ltr'><strong>cum</strong></span> <span class='ocrx_word' id='word_1_158' title='bbox 1335 1358 1438 1429; x_wconf 80' lang='lat' dir='ltr'><strong>rogasit</strong></span> <span class='ocrx_word' id='word_1_159' title='bbox 1456 1373 1510 1409; x_wconf 89' lang='lat' dir='ltr'><strong>cum</strong></span> <span class='ocrx_word' id='word_1_160' title='bbox 1528 1354 1557 1410; x_wconf 93' lang='grc'><strong>12</strong></span> 
     </span>
     <span class='ocr_line' id='line_1_13' title="bbox 245 1429 1556 1528; baseline -0.001 -19"><span class='ocrx_word' id='word_1_161' title='bbox 245 1455 346 1510; x_wconf 83' lang='lat' dir='ltr'><strong>uirido⁸</strong></span> <span class='ocrx_word' id='word_1_162' title='bbox 358 1457 446 1510; x_wconf 84' lang='lat' dir='ltr'><strong>iurare</strong></span> <span class='ocrx_word' id='word_1_163' title='bbox 465 1462 491 1508; x_wconf 90' lang='lat' dir='ltr'><strong>et</strong></span> <span class='ocrx_word' id='word_1_164' title='bbox 507 1455 577 1526; x_wconf 86' lang='lat' dir='ltr'><strong>ipsas</strong></span> <span class='ocrx_word' id='word_1_165' title='bbox 594 1429 624 1508; x_wconf 73' lang='lat' dir='ltr'><strong>iri</strong></span> <span class='ocrx_word' id='word_1_166' title='bbox 640 1452 674 1508; x_wconf 80' lang='lat' dir='ltr'><strong>ld</strong></span> <span class='ocrx_word' id='word_1_167' title='bbox 691 1462 779 1508; x_wconf 88' lang='lat' dir='ltr'><strong>noctes</strong></span> <span class='ocrx_word' id='word_1_168' title='bbox 797 1471 901 1508; x_wconf 86' lang='lat' dir='ltr'><strong>aeneum</strong></span> <span class='ocrx_word' id='word_1_169' title='bbox 921 1453 1056 1510; x_wconf 81' lang='lat' dir='ltr'><strong>calefacere</strong></span> <span class='ocrx_word' id='word_1_170' title='bbox 1075 1454 1156 1510; x_wconf 86' lang='lat' dir='ltr'><strong>debet.</strong></span> <span class='ocrx_word' id='word_1_171' title='bbox 1192 1455 1267 1510; x_wconf 83' lang='lat' dir='ltr'><strong>Etsi</strong></span> <span class='ocrx_word' id='word_1_172' title='bbox 1285 1455 1317 1516; x_wconf 84' lang='lat' dir='ltr'><strong>ad</strong></span> <span class='ocrx_word' id='word_1_173' title='bbox 1334 1456 1390 1528; x_wconf 91' lang='lat' dir='ltr'><strong>ipso</strong></span> <span class='ocrx_word' id='word_1_174' title='bbox 1408 1454 1501 1528; x_wconf 91' lang='lat' dir='ltr'><strong>placito</strong></span> <span class='ocrx_word' id='word_1_175' title='bbox 1518 1472 1556 1508; x_wconf 89' lang='lat' dir='ltr'><strong>vc·</strong></span> 
     </span>
     <span class='ocr_line' id='line_1_14' title="bbox 246 1545 1556 1625; baseline -0.001 -17"><span class='ocrx_word' id='word_1_176' title='bbox 246 1556 302 1610; x_wconf 90' lang='lat' dir='ltr'><strong>nire</strong></span> <span class='ocrx_word' id='word_1_177' title='bbox 325 1553 463 1625; x_wconf 85' lang='lat' dir='ltr'><strong>dispexerit</strong></span> <span class='ocrx_word' id='word_1_178' title='bbox 485 1559 528 1606; x_wconf 87' lang='lat' dir='ltr'><strong>aut</strong></span> <span class='ocrx_word' id='word_1_179' title='bbox 550 1569 652 1608; x_wconf 91' lang='lat' dir='ltr'><strong>manum</strong></span> <span class='ocrx_word' id='word_1_180' title='bbox 676 1569 746 1606; x_wconf 89' lang='lat' dir='ltr'><strong>suam</strong></span> <span class='ocrx_word' id='word_1_181' title='bbox 766 1551 798 1606; x_wconf 93' lang='lat' dir='ltr'><strong>ad</strong></span> <span class='ocrx_word' id='word_1_182' title='bbox 816 1569 920 1607; x_wconf 88' lang='lat' dir='ltr'><strong>aeneum</strong></span> <span class='ocrx_word' id='word_1_183' title='bbox 938 1545 1038 1608; x_wconf 82' lang='lat' dir='ltr'><strong>mittere</strong></span> <span class='ocrx_word' id='word_1_184' title='bbox 1056 1551 1180 1620; x_wconf 86' lang='lat' dir='ltr'><strong>noluerit,</strong></span> <span class='ocrx_word' id='word_1_185' title='bbox 1205 1555 1359 1625; x_wconf 82' lang='lat' dir='ltr'><strong>quicumque</strong></span> <span class='ocrx_word' id='word_1_186' title='bbox 1377 1555 1502 1608; x_wconf 89' lang='lat' dir='ltr'><strong>antrustio</strong></span> <span class='ocrx_word' id='word_1_187' title='bbox 1519 1551 1556 1607; x_wconf 91' lang='lat' dir='ltr'><strong>illc</strong></span> 
     </span>
     <span class='ocr_line' id='line_1_15' title="bbox 27 1640 1556 1735; baseline -0.001 -29"><span class='ocrx_word' id='word_1_188' title='bbox 27 1702 32 1713; x_wconf 96' lang='grc'>,</span> <span class='ocrx_word' id='word_1_189' title='bbox 149 1726 151 1735; x_wconf 18' lang='grc'><strong><em>1</em></strong></span> <span class='ocrx_word' id='word_1_190' title='bbox 246 1652 278 1706; x_wconf 90' lang='lat' dir='ltr'><strong>de</strong></span> <span class='ocrx_word' id='word_1_191' title='bbox 296 1653 508 1724; x_wconf 75' lang='lat' dir='ltr'><strong>causasupmins</strong></span> <span class='ocrx_word' id='word_1_192' title='bbox 528 1649 714 1722; x_wconf 84' lang='lat' dir='ltr'><strong>conpraehensa</strong></span> <span class='ocrx_word' id='word_1_193' title='bbox 731 1640 949 1722; x_wconf 66' lang='lat' dir='ltr'><strong>pcr‘sacrameota</strong></span> <span class='ocrx_word' id='word_1_194' title='bbox 966 1651 1099 1707; x_wconf 86' lang='lat' dir='ltr'><strong>absolvere</strong></span> <span class='ocrx_word' id='word_1_195' title='bbox 1116 1669 1169 1708; x_wconf 89' lang='lat' dir='ltr'><strong>non</strong></span> <span class='ocrx_word' id='word_1_196' title='bbox 1186 1653 1300 1724; x_wconf 89' lang='lat' dir='ltr'><strong>potuerit</strong></span> <span class='ocrx_word' id='word_1_197' title='bbox 1317 1659 1360 1708; x_wconf 90' lang='lat' dir='ltr'><strong>aut</strong></span> <span class='ocrx_word' id='word_1_198' title='bbox 1378 1669 1481 1707; x_wconf 76' lang='lat' dir='ltr'><strong>menum</strong></span> <span class='ocrx_word' id='word_1_199' title='bbox 1493 1669 1556 1706; x_wconf 90' lang='lat' dir='ltr'><strong>suam</strong></span> 
     </span>
     <span class='ocr_line' id='line_1_16' title="bbox 245 1748 1589 1822; baseline 0 -18"><span class='ocrx_word' id='word_1_200' title='bbox 245 1750 277 1804; x_wconf 92' lang='lat' dir='ltr'><strong>ad</strong></span> <span class='ocrx_word' id='word_1_201' title='bbox 301 1767 407 1805; x_wconf 89' lang='lat' dir='ltr'><strong>aeneum</strong></span> <span class='ocrx_word' id='word_1_202' title='bbox 428 1767 475 1818; x_wconf 87' lang='lat' dir='ltr'><strong>pro</strong></span> <span class='ocrx_word' id='word_1_203' title='bbox 498 1749 574 1804; x_wconf 84' lang='lat' dir='ltr'><strong>leude</strong></span> <span class='ocrx_word' id='word_1_204' title='bbox 596 1751 695 1804; x_wconf 86' lang='lat' dir='ltr'><strong>mittere</strong></span> <span class='ocrx_word' id='word_1_205' title='bbox 713 1748 852 1821; x_wconf 78' lang='lat' dir='ltr'><strong>dispexerit</strong></span> <span class='ocrx_word' id='word_1_206' title='bbox 870 1749 925 1819; x_wconf 91' lang='lat' dir='ltr'><strong>[aut</strong></span> <span class='ocrx_word' id='word_1_207' title='bbox 941 1753 968 1806; x_wconf 93' lang='lat' dir='ltr'><strong>iu</strong></span> <span class='ocrx_word' id='word_1_208' title='bbox 985 1750 1079 1822; x_wconf 89' lang='lat' dir='ltr'><strong>placito</strong></span> <span class='ocrx_word' id='word_1_209' title='bbox 1099 1751 1184 1806; x_wconf 77' lang='lat' dir='ltr'><strong>&#39;venire</strong></span> <span class='ocrx_word' id='word_1_210' title='bbox 1203 1749 1354 1818; x_wconf 82' lang='lat' dir='ltr'><strong>distuleritlc</strong></span> <span class='ocrx_word' id='word_1_211' title='bbox 1378 1759 1440 1804; x_wconf 87' lang='lat' dir='ltr'><strong>tune</strong></span> <span class='ocrx_word' id='word_1_212' title='bbox 1457 1748 1501 1804; x_wconf 92' lang='lat' dir='ltr'><strong>ille</strong></span> <span class='ocrx_word' id='word_1_213' title='bbox 1519 1750 1556 1820; x_wconf 82' lang='lat' dir='ltr'><strong>qui</strong></span> <span class='ocrx_word' id='word_1_214' title='bbox 1569 1757 1589 1796; x_wconf 74' lang='lat'><strong>¹⁵</strong></span> 
     </span>
     <span class='ocr_line' id='line_1_17' title="bbox 246 1846 1556 1922; baseline -0.002 -19"><span class='ocrx_word' id='word_1_215' title='bbox 246 1865 304 1903; x_wconf 83' lang='lat' dir='ltr'><strong>aum</strong></span> <span class='ocrx_word' id='word_1_216' title='bbox 324 1856 443 1922; x_wconf 77' lang='lat' dir='ltr'><strong>rogatum</strong></span> <span class='ocrx_word' id='word_1_217' title='bbox 467 1848 543 1902; x_wconf 87' lang='lat' dir='ltr'><strong>habet</strong></span> <span class='ocrx_word' id='word_1_218' title='bbox 560 1847 640 1902; x_wconf 86' lang='lat' dir='ltr'><strong>solem</strong></span> <span class='ocrx_word' id='word_1_219' title='bbox 658 1846 697 1902; x_wconf 91' lang='lat' dir='ltr'><strong>illi</strong></span> <span class='ocrx_word' id='word_1_220' title='bbox 715 1846 818 1921; x_wconf 79' lang='lat' dir='ltr'><strong>colliget</strong></span> <span class='ocrx_word' id='word_1_221' title='bbox 835 1848 868 1904; x_wconf 92' lang='lat' dir='ltr'><strong>ad</strong></span> <span class='ocrx_word' id='word_1_222' title='bbox 885 1851 941 1920; x_wconf 91' lang='lat' dir='ltr'><strong>ipso</strong></span> <span class='ocrx_word' id='word_1_223' title='bbox 961 1849 1002 1904; x_wconf 89' lang='lat' dir='ltr'><strong>dic</strong></span> <span class='ocrx_word' id='word_1_224' title='bbox 1019 1851 1047 1904; x_wconf 89' lang='lat' dir='ltr'><strong>in</strong></span> <span class='ocrx_word' id='word_1_225' title='bbox 1064 1847 1221 1922; x_wconf 76' lang='lat' dir='ltr'><strong>mallobccgo</strong></span> <span class='ocrx_word' id='word_1_226' title='bbox 1240 1847 1286 1904; x_wconf 89' lang='lat' dir='ltr'><strong>illa</strong></span> <span class='ocrx_word' id='word_1_227' title='bbox 1304 1850 1332 1904; x_wconf 91' lang='lat' dir='ltr'><strong>in</strong></span> <span class='ocrx_word' id='word_1_228' title='bbox 1349 1846 1385 1904; x_wconf 80' lang='grc'><strong>10</strong></span> <span class='ocrx_word' id='word_1_229' title='bbox 1401 1856 1499 1904; x_wconf 86' lang='lat' dir='ltr'><strong>nostes.</strong></span> <span class='ocrx_word' id='word_1_230' title='bbox 1532 1847 1556 1902; x_wconf 83' lang='lat' dir='ltr'><strong>Si</strong></span> 
     </span>
     <span class='ocr_line' id='line_1_18' title="bbox 245 1945 1557 2020; baseline 0 -20"><span class='ocrx_word' id='word_1_231' title='bbox 245 1965 291 2001; x_wconf 92' lang='lat' dir='ltr'><strong>nec</strong></span> <span class='ocrx_word' id='word_1_232' title='bbox 313 1947 349 2000; x_wconf 89' lang='lat' dir='ltr'><strong>ibi</strong></span> <span class='ocrx_word' id='word_1_233' title='bbox 373 1965 401 2002; x_wconf 90' lang='lat' dir='ltr'><strong>se</strong></span> <span class='ocrx_word' id='word_1_234' title='bbox 425 1964 478 2000; x_wconf 90' lang='lat' dir='ltr'><strong>non</strong></span> <span class='ocrx_word' id='word_1_235' title='bbox 502 1946 616 2012; x_wconf 80' lang='lat' dir='ltr'><strong>duxerit,</strong></span> <span class='ocrx_word' id='word_1_236' title='bbox 638 1953 699 2000; x_wconf 88' lang='lat' dir='ltr'><strong>tunc</strong></span> <span class='ocrx_word' id='word_1_237' title='bbox 721 1946 775 2017; x_wconf 91' lang='lat' dir='ltr'><strong>ipse</strong></span> <span class='ocrx_word' id='word_1_238' title='bbox 798 1948 842 2017; x_wconf 92' lang='lat' dir='ltr'><strong>qui</strong></span> <span class='ocrx_word' id='word_1_239' title='bbox 861 1964 918 2001; x_wconf 92' lang='lat' dir='ltr'><strong>cum</strong></span> <span class='ocrx_word' id='word_1_240' title='bbox 937 1956 1055 2020; x_wconf 82' lang='lat' dir='ltr'><strong>rogatum</strong></span> <span class='ocrx_word' id='word_1_241' title='bbox 1073 1947 1150 2004; x_wconf 84' lang='lat' dir='ltr'><strong>habet</strong></span> <span class='ocrx_word' id='word_1_242' title='bbox 1167 1946 1248 2004; x_wconf 89' lang='lat' dir='ltr'><strong>aolcm</strong></span> <span class='ocrx_word' id='word_1_243' title='bbox 1266 1947 1305 2002; x_wconf 90' lang='lat' dir='ltr'><strong>illi</strong></span> <span class='ocrx_word' id='word_1_244' title='bbox 1324 1945 1459 2004; x_wconf 87' lang='lat' dir='ltr'><strong>collectum</strong></span> <span class='ocrx_word' id='word_1_245' title='bbox 1475 1953 1557 2018; x_wconf 88' lang='lat' dir='ltr'><strong>postea</strong></span> 
     </span>
     <span class='ocr_line' id='line_1_19' title="bbox 244 2035 1556 2118; baseline -0.002 -19"><span class='ocrx_word' id='word_1_246' title='bbox 244 2044 318 2099; x_wconf 88' lang='lat' dir='ltr'><strong>illum</strong></span> <span class='ocrx_word' id='word_1_247' title='bbox 335 2047 363 2099; x_wconf 93' lang='lat' dir='ltr'><strong>iu</strong></span> <span class='ocrx_word' id='word_1_248' title='bbox 380 2045 522 2116; x_wconf 86' lang='lat' dir='ltr'><strong>praesentia</strong></span> <span class='ocrx_word' id='word_1_249' title='bbox 540 2045 607 2117; x_wconf 86' lang='lat' dir='ltr'><strong>regis</strong></span> <span class='ocrx_word' id='word_1_250' title='bbox 627 2043 658 2098; x_wconf 93' lang='lat' dir='ltr'><strong>ad</strong></span> <span class='ocrx_word' id='word_1_251' title='bbox 676 2035 763 2099; x_wconf 85' lang='lat' dir='ltr'><strong>noctes</strong></span> <span class='ocrx_word' id='word_1_252' title='bbox 783 2043 817 2099; x_wconf 77' lang='grc'><strong>14</strong></span> <span class='ocrx_word' id='word_1_253' title='bbox 835 2059 926 2118; x_wconf 80' lang='lat' dir='ltr'><strong>rogare</strong></span> <span class='ocrx_word' id='word_1_254' title='bbox 945 2045 1019 2100; x_wconf 88' lang='lat' dir='ltr'><strong>debet</strong></span> <span class='ocrx_word' id='word_1_255' title='bbox 1037 2053 1062 2100; x_wconf 88' lang='lat' dir='ltr'><strong>et</strong></span> <span class='ocrx_word' id='word_1_256' title='bbox 1079 2045 1115 2100; x_wconf 91' lang='lat' dir='ltr'><strong>ihi</strong></span> <span class='ocrx_word' id='word_1_257' title='bbox 1135 2045 1168 2101; x_wconf 83' lang='lat'><strong>12</strong></span> <span class='ocrx_word' id='word_1_258' title='bbox 1186 2053 1265 2100; x_wconf 88' lang='lat' dir='ltr'><strong>testes</strong></span> <span class='ocrx_word' id='word_1_259' title='bbox 1282 2053 1369 2117; x_wconf 89' lang='lat' dir='ltr'><strong>ponat.</strong></span> <span class='ocrx_word' id='word_1_260' title='bbox 1392 2043 1556 2117; x_wconf 85' lang='lat' dir='ltr'><strong>persingulas</strong></span> 
     </span>
     <span class='ocr_line' id='line_1_20' title="bbox 244 2141 1556 2214; baseline -0.001 -17"><span class='ocrx_word' id='word_1_261' title='bbox 244 2145 314 2198; x_wconf 88' lang='lat' dir='ltr'><strong>vices</strong></span> <span class='ocrx_word' id='word_1_262' title='bbox 337 2144 413 2204; x_wconf 89' lang='lat' dir='ltr'><strong>iurati</strong></span> <span class='ocrx_word' id='word_1_263' title='bbox 436 2143 519 2198; x_wconf 89' lang='lat' dir='ltr'><strong>dicant</strong></span> <span class='ocrx_word' id='word_1_264' title='bbox 543 2142 666 2214; x_wconf 83' lang='lat' dir='ltr'><strong>quodibi</strong></span> <span class='ocrx_word' id='word_1_265' title='bbox 685 2141 779 2196; x_wconf 85' lang='lat' dir='ltr'><strong>inerint</strong></span> <span class='ocrx_word' id='word_1_266' title='bbox 796 2143 841 2196; x_wconf 85' lang='lat' dir='ltr'><strong>uli</strong></span> <span class='ocrx_word' id='word_1_267' title='bbox 858 2143 960 2198; x_wconf 87' lang='lat' dir='ltr'><strong>mitthio</strong></span> <span class='ocrx_word' id='word_1_268' title='bbox 972 2148 984 2176; x_wconf 78' lang='grc'><strong>1</strong></span> <span class='ocrx_word' id='word_1_269' title='bbox 999 2143 1031 2197; x_wconf 92' lang='lat' dir='ltr'><strong>ad</strong></span> <span class='ocrx_word' id='word_1_270' title='bbox 1048 2151 1137 2198; x_wconf 89' lang='lat' dir='ltr'><strong>noctes</strong></span> <span class='ocrx_word' id='word_1_271' title='bbox 1156 2142 1190 2198; x_wconf 82' lang='grc'><strong>11</strong></span> <span class='ocrx_word' id='word_1_272' title='bbox 1209 2143 1289 2198; x_wconf 87' lang='lat' dir='ltr'><strong>solem</strong></span> <span class='ocrx_word' id='word_1_273' title='bbox 1308 2142 1461 2198; x_wconf 88' lang='lat' dir='ltr'><strong>collocasset</strong></span> <span class='ocrx_word' id='word_1_274' title='bbox 1479 2152 1505 2197; x_wconf 90' lang='lat' dir='ltr'><strong>et</strong></span> <span class='ocrx_word' id='word_1_275' title='bbox 1520 2142 1556 2196; x_wconf 90' lang='lat' dir='ltr'><strong>ille</strong></span> 
     </span>
     <span class='ocr_line' id='line_1_21' title="bbox 244 2237 1581 2314; baseline -0.004 -18"><span class='ocrx_word' id='word_1_276' title='bbox 244 2259 291 2298; x_wconf 91' lang='lat' dir='ltr'><strong>nec</strong></span> <span class='ocrx_word' id='word_1_277' title='bbox 309 2237 492 2296; x_wconf 69' lang='lat' dir='ltr'><strong>sacramentum</strong></span> <span class='ocrx_word' id='word_1_278' title='bbox 510 2259 555 2296; x_wconf 92' lang='lat' dir='ltr'><strong>ucc</strong></span> <span class='ocrx_word' id='word_1_279' title='bbox 573 2259 674 2296; x_wconf 90' lang='lat' dir='ltr'><strong>manum</strong></span> <span class='ocrx_word' id='word_1_280' title='bbox 693 2259 764 2296; x_wconf 89' lang='lat' dir='ltr'><strong>suam</strong></span> <span class='ocrx_word' id='word_1_281' title='bbox 782 2259 829 2312; x_wconf 95' lang='lat' dir='ltr'><strong>pro</strong></span> <span class='ocrx_word' id='word_1_282' title='bbox 848 2241 923 2296; x_wconf 90' lang='lat' dir='ltr'><strong>leude</strong></span> <span class='ocrx_word' id='word_1_283' title='bbox 942 2244 1037 2314; x_wconf 86' lang='lat' dir='ltr'><strong>posuit.</strong></span> <span class='ocrx_word' id='word_1_284' title='bbox 1062 2251 1088 2297; x_wconf 90' lang='lat' dir='ltr'><strong>et</strong></span> <span class='ocrx_word' id='word_1_285' title='bbox 1106 2242 1148 2297; x_wconf 94' lang='lat' dir='ltr'><strong>alii</strong></span> <span class='ocrx_word' id='word_1_286' title='bbox 1166 2250 1218 2298; x_wconf 90' lang='lat' dir='ltr'><strong>tres</strong></span> <span class='ocrx_word' id='word_1_287' title='bbox 1236 2249 1311 2296; x_wconf 88' lang='lat' dir='ltr'><strong>erunt</strong></span> <span class='ocrx_word' id='word_1_288' title='bbox 1329 2242 1374 2312; x_wconf 92' lang='lat' dir='ltr'><strong>qui</strong></span> <span class='ocrx_word' id='word_1_289' title='bbox 1392 2241 1478 2296; x_wconf 90' lang='lat' dir='ltr'><strong>dicant</strong></span> <span class='ocrx_word' id='word_1_290' title='bbox 1495 2240 1581 2312; x_wconf 74' lang='lat' dir='ltr'><strong>quodie</strong></span> 
     </span>
     <span class='ocr_line' id='line_1_22' title="bbox 244 2325 1553 2414; baseline -0.002 -20"><span class='ocrx_word' id='word_1_291' title='bbox 244 2341 271 2394; x_wconf 92' lang='lat' dir='ltr'><strong>in</strong></span> <span class='ocrx_word' id='word_1_292' title='bbox 294 2338 329 2394; x_wconf 86' lang='lat' dir='ltr'><strong>t0</strong></span> <span class='ocrx_word' id='word_1_293' title='bbox 352 2347 441 2394; x_wconf 88' lang='lat' dir='ltr'><strong>noctes</strong></span> <span class='ocrx_word' id='word_1_294' title='bbox 463 2341 486 2394; x_wconf 91' lang='lat' dir='ltr'><strong>ci</strong></span> <span class='ocrx_word' id='word_1_295' title='bbox 504 2337 586 2393; x_wconf 89' lang='lat' dir='ltr'><strong>solem</strong></span> <span class='ocrx_word' id='word_1_296' title='bbox 605 2336 755 2393; x_wconf 88' lang='lat' dir='ltr'><strong>collocasset</strong></span> <span class='ocrx_word' id='word_1_297' title='bbox 773 2348 799 2393; x_wconf 90' lang='lat' dir='ltr'><strong>et</strong></span> <span class='ocrx_word' id='word_1_298' title='bbox 815 2325 859 2394; x_wconf 86' lang='lat' dir='ltr'><strong>ille</strong></span> <span class='ocrx_word' id='word_1_299' title='bbox 877 2338 1023 2395; x_wconf 89' lang='lat' dir='ltr'><strong>nullatenus</strong></span> <span class='ocrx_word' id='word_1_300' title='bbox 1043 2339 1074 2395; x_wconf 91' lang='lat' dir='ltr'><strong>de</strong></span> <span class='ocrx_word' id='word_1_301' title='bbox 1092 2340 1257 2396; x_wconf 89' lang='lat' dir='ltr'><strong>andrustione</strong></span> <span class='ocrx_word' id='word_1_302' title='bbox 1274 2338 1401 2414; x_wconf 79' lang='lat' dir='ltr'><strong>gamaita⁸</strong></span> <span class='ocrx_word' id='word_1_303' title='bbox 1420 2357 1448 2394; x_wconf 94' lang='lat' dir='ltr'><strong>se</strong></span> <span class='ocrx_word' id='word_1_304' title='bbox 1465 2338 1553 2411; x_wconf 83' lang='lat' dir='ltr'><strong>legibus</strong></span> 
     </span>
     <span class='ocr_line' id='line_1_23' title="bbox 245 2421 1555 2512; baseline -0.002 -20"><span class='ocrx_word' id='word_1_305' title='bbox 245 2421 378 2493; x_wconf 38' lang='lat' dir='ltr'><strong>duxisset:</strong></span> <span class='ocrx_word' id='word_1_306' title='bbox 399 2447 453 2493; x_wconf 89' lang='lat' dir='ltr'><strong>tres</strong></span> <span class='ocrx_word' id='word_1_307' title='bbox 475 2438 634 2492; x_wconf 86' lang='lat' dir='ltr'><strong>trestimonia</strong></span> <span class='ocrx_word' id='word_1_308' title='bbox 658 2437 716 2512; x_wconf 90' lang='lat' dir='ltr'><strong>dare</strong></span> <span class='ocrx_word' id='word_1_309' title='bbox 740 2436 815 2492; x_wconf 86' lang='lat' dir='ltr'><strong>debet</strong></span> <span class='ocrx_word' id='word_1_310' title='bbox 838 2438 882 2508; x_wconf 90' lang='lat' dir='ltr'><strong>qui</strong></span> <span class='ocrx_word' id='word_1_311' title='bbox 906 2435 990 2492; x_wconf 89' lang='lat' dir='ltr'><strong>dicant</strong></span> <span class='ocrx_word' id='word_1_312' title='bbox 1013 2437 1122 2510; x_wconf 90' lang='lat' dir='ltr'><strong>qualiter</strong></span> <span class='ocrx_word' id='word_1_313' title='bbox 1146 2457 1203 2494; x_wconf 91' lang='lat' dir='ltr'><strong>cum</strong></span> <span class='ocrx_word' id='word_1_314' title='bbox 1226 2439 1368 2510; x_wconf 88' lang='lat' dir='ltr'><strong>praeseutia</strong></span> <span class='ocrx_word' id='word_1_315' title='bbox 1390 2439 1461 2511; x_wconf 85' lang='lat' dir='ltr'><strong>regis</strong></span> <span class='ocrx_word' id='word_1_316' title='bbox 1481 2439 1555 2492; x_wconf 89' lang='lat' dir='ltr'><strong>venire</strong></span> 
     </span>
     <span class='ocr_line' id='line_1_24' title="bbox 244 2530 1554 2609; baseline 0 -20"><span class='ocrx_word' id='word_1_317' title='bbox 244 2545 369 2609; x_wconf 80' lang='lat' dir='ltr'><strong>rogasset.</strong></span> <span class='ocrx_word' id='word_1_318' title='bbox 399 2535 427 2592; x_wconf 87' lang='lat' dir='ltr'><strong>Si</strong></span> <span class='ocrx_word' id='word_1_319' title='bbox 445 2553 491 2590; x_wconf 91' lang='lat' dir='ltr'><strong>nec</strong></span> <span class='ocrx_word' id='word_1_320' title='bbox 509 2543 569 2589; x_wconf 89' lang='lat' dir='ltr'><strong>tuno</strong></span> <span class='ocrx_word' id='word_1_321' title='bbox 587 2537 694 2601; x_wconf 84' lang='lat' dir='ltr'><strong>veniret,</strong></span> <span class='ocrx_word' id='word_1_322' title='bbox 712 2536 763 2589; x_wconf 92' lang='lat' dir='ltr'><strong>iata</strong></span> <span class='ocrx_word' id='word_1_323' title='bbox 779 2553 871 2590; x_wconf 80' lang='lat' dir='ltr'><strong>navem</strong></span> <span class='ocrx_word' id='word_1_324' title='bbox 889 2538 1036 2591; x_wconf 80' lang='lat' dir='ltr'><strong>testimonia</strong></span> <span class='ocrx_word' id='word_1_325' title='bbox 1050 2538 1127 2592; x_wconf 89' lang='lat' dir='ltr'><strong>iurati</strong></span> <span class='ocrx_word' id='word_1_326' title='bbox 1139 2538 1205 2591; x_wconf 90' lang='lat' dir='ltr'><strong>sicut</strong></span> <span class='ocrx_word' id='word_1_327' title='bbox 1217 2539 1335 2609; x_wconf 91' lang='lat' dir='ltr'><strong>superius</strong></span> <span class='ocrx_word' id='word_1_328' title='bbox 1349 2530 1461 2590; x_wconf 82' lang='lat' dir='ltr'><strong>diximus</strong></span> <span class='ocrx_word' id='word_1_329' title='bbox 1475 2535 1554 2590; x_wconf 91' lang='lat' dir='ltr'><strong>dicant</strong></span> 
     </span>
     <span class='ocr_line' id='line_1_25' title="bbox 244 2632 1556 2707; baseline -0.003 -17"><span class='ocrx_word' id='word_1_330' title='bbox 244 2633 369 2690; x_wconf 85' lang='lat' dir='ltr'><strong>Similiter</strong></span> <span class='ocrx_word' id='word_1_331' title='bbox 386 2633 431 2688; x_wconf 93' lang='lat' dir='ltr'><strong>illa</strong></span> <span class='ocrx_word' id='word_1_332' title='bbox 449 2634 490 2690; x_wconf 90' lang='lat' dir='ltr'><strong>die</strong></span> <span class='ocrx_word' id='word_1_333' title='bbox 508 2635 531 2689; x_wconf 87' lang='lat' dir='ltr'><strong>si</strong></span> <span class='ocrx_word' id='word_1_334' title='bbox 548 2652 601 2688; x_wconf 92' lang='lat' dir='ltr'><strong>nou</strong></span> <span class='ocrx_word' id='word_1_335' title='bbox 618 2635 717 2688; x_wconf 90' lang='lat' dir='ltr'><strong>venerit</strong></span> <span class='ocrx_word' id='word_1_336' title='bbox 735 2632 886 2688; x_wconf 91' lang='lat' dir='ltr'><strong>collocatum</strong></span> <span class='ocrx_word' id='word_1_337' title='bbox 905 2636 928 2689; x_wconf 94' lang='lat' dir='ltr'><strong>ei</strong></span> <span class='ocrx_word' id='word_1_338' title='bbox 947 2635 1028 2690; x_wconf 91' lang='lat' dir='ltr'><strong>solem</strong></span> <span class='ocrx_word' id='word_1_339' title='bbox 1041 2644 1066 2690; x_wconf 88' lang='lat' dir='ltr'><strong>et</strong></span> <span class='ocrx_word' id='word_1_340' title='bbox 1077 2635 1122 2690; x_wconf 91' lang='lat' dir='ltr'><strong>illa</strong></span> <span class='ocrx_word' id='word_1_341' title='bbox 1133 2643 1187 2690; x_wconf 82' lang='lat' dir='ltr'><strong>tres</strong></span> <span class='ocrx_word' id='word_1_342' title='bbox 1198 2636 1344 2690; x_wconf 89' lang='lat' dir='ltr'><strong>testimonia</strong></span> <span class='ocrx_word' id='word_1_343' title='bbox 1356 2636 1401 2707; x_wconf 92' lang='lat' dir='ltr'><strong>qui</strong></span> <span class='ocrx_word' id='word_1_344' title='bbox 1413 2635 1450 2689; x_wconf 89' lang='lat' dir='ltr'><strong>ibi</strong></span> <span class='ocrx_word' id='word_1_345' title='bbox 1463 2634 1556 2689; x_wconf 83' lang='lat' dir='ltr'><strong>luerunt</strong></span> 
     </span>
     <span class='ocr_line' id='line_1_26' title="bbox 243 2731 1586 2806; baseline -0.001 -20"><span class='ocrx_word' id='word_1_346' title='bbox 243 2732 289 2786; x_wconf 88' lang='lat' dir='ltr'><strong>ubi</strong></span> <span class='ocrx_word' id='word_1_347' title='bbox 312 2732 436 2787; x_wconf 87' lang='lat' dir='ltr'><strong>colcatum</strong></span> <span class='ocrx_word' id='word_1_348' title='bbox 461 2734 484 2788; x_wconf 93' lang='lat' dir='ltr'><strong>ei</strong></span> <span class='ocrx_word' id='word_1_349' title='bbox 503 2731 592 2788; x_wconf 91' lang='lat' dir='ltr'><strong>solem.</strong></span> <span class='ocrx_word' id='word_1_350' title='bbox 629 2732 704 2788; x_wconf 82' lang='lat' dir='ltr'><strong>&#39;l&#39;uuc</strong></span> <span class='ocrx_word' id='word_1_351' title='bbox 723 2733 745 2786; x_wconf 90' lang='lat' dir='ltr'><strong>si</strong></span> <span class='ocrx_word' id='word_1_352' title='bbox 763 2733 813 2806; x_wconf 83' lang='lat' dir='ltr'><strong>ista</strong></span> <span class='ocrx_word' id='word_1_353' title='bbox 831 2733 1076 2804; x_wconf 80' lang='lat' dir='ltr'><strong>omnia-impleverit</strong></span> <span class='ocrx_word' id='word_1_354' title='bbox 1094 2735 1138 2806; x_wconf 91' lang='lat' dir='ltr'><strong>qui</strong></span> <span class='ocrx_word' id='word_1_355' title='bbox 1157 2752 1214 2790; x_wconf 90' lang='lat' dir='ltr'><strong>eum</strong></span> <span class='ocrx_word' id='word_1_356' title='bbox 1233 2732 1391 2800; x_wconf 85' lang='lat' dir='ltr'><strong>admallavit,</strong></span> <span class='ocrx_word' id='word_1_357' title='bbox 1416 2741 1442 2788; x_wconf 89' lang='lat' dir='ltr'><strong>et</strong></span> <span class='ocrx_word' id='word_1_358' title='bbox 1459 2732 1502 2788; x_wconf 88' lang='lat' dir='ltr'><strong>illc</strong></span> <span class='ocrx_word' id='word_1_359' title='bbox 1518 2734 1554 2804; x_wconf 85' lang='lat' dir='ltr'><strong>qui</strong></span> <span class='ocrx_word' id='word_1_360' title='bbox 1567 2742 1586 2784; x_wconf 85' lang='lat' dir='ltr'><strong>rt</strong></span> 
     </span>
     <span class='ocr_line' id='line_1_27' title="bbox 239 2829 1617 2905; baseline -0.002 -19"><span class='ocrx_word' id='word_1_361' title='bbox 239 2833 303 2887; x_wconf 84' lang='lat' dir='ltr'><strong>&#39;eum</strong></span> <span class='ocrx_word' id='word_1_362' title='bbox 325 2830 476 2888; x_wconf 85' lang='lat' dir='ltr'><strong>admallatur</strong></span> <span class='ocrx_word' id='word_1_363' title='bbox 499 2831 531 2887; x_wconf 93' lang='lat' dir='ltr'><strong>ad</strong></span> <span class='ocrx_word' id='word_1_364' title='bbox 552 2829 652 2886; x_wconf 79' lang='lat' dir='ltr'><strong>nullum</strong></span> <span class='ocrx_word' id='word_1_365' title='bbox 672 2829 793 2902; x_wconf 88' lang='lat' dir='ltr'><strong>placitum</strong></span> <span class='ocrx_word' id='word_1_366' title='bbox 810 2833 897 2888; x_wconf 78' lang='lat' dir='ltr'><strong>venire</strong></span> <span class='ocrx_word' id='word_1_367' title='bbox 913 2830 1026 2888; x_wconf 87' lang='lat' dir='ltr'><strong>voluerit</strong></span> <span class='ocrx_word' id='word_1_368' title='bbox 1043 2839 1069 2887; x_wconf 91' lang='lat' dir='ltr'><strong>ct</strong></span> <span class='ocrx_word' id='word_1_369' title='bbox 1085 2850 1131 2904; x_wconf 88' lang='lat' dir='ltr'><strong>per</strong></span> <span class='ocrx_word' id='word_1_370' title='bbox 1147 2831 1230 2905; x_wconf 80' lang='lat' dir='ltr'><strong>legem</strong></span> <span class='ocrx_word' id='word_1_371' title='bbox 1249 2850 1276 2888; x_wconf 90' lang='lat' dir='ltr'><strong>se</strong></span> <span class='ocrx_word' id='word_1_372' title='bbox 1294 2849 1348 2886; x_wconf 90' lang='lat' dir='ltr'><strong>non</strong></span> <span class='ocrx_word' id='word_1_373' title='bbox 1367 2831 1482 2899; x_wconf 83' lang='lat' dir='ltr'><strong>duxerit,</strong></span> <span class='ocrx_word' id='word_1_374' title='bbox 1504 2840 1554 2886; x_wconf 90' lang='lat' dir='ltr'><strong>tunc</strong></span> <span class='ocrx_word' id='word_1_375' title='bbox 1616 2833 1617 2838; x_wconf 76' lang='grc'>’</span> 
     </span>
     <span class='ocr_line' id='line_1_28' title="bbox 220 2929 1554 3002; baseline 0.003 -21"><span class='ocrx_word' id='word_1_376' title='bbox 220 2971 225 2981; x_wconf 89' lang='grc'><strong>.</strong></span> <span class='ocrx_word' id='word_1_377' title='bbox 243 2947 289 2984; x_wconf 80' lang='lat' dir='ltr'><strong>rex</strong></span> <span class='ocrx_word' id='word_1_378' title='bbox 311 2930 343 2984; x_wconf 90' lang='lat' dir='ltr'><strong>ad</strong></span> <span class='ocrx_word' id='word_1_379' title='bbox 362 2948 438 3002; x_wconf 89' lang='lat' dir='ltr'><strong>quem</strong></span> <span class='ocrx_word' id='word_1_380' title='bbox 456 2930 584 2986; x_wconf 87' lang='lat' dir='ltr'><strong>mannitus</strong></span> <span class='ocrx_word' id='word_1_381' title='bbox 603 2937 643 2984; x_wconf 85' lang='lat' dir='ltr'><strong>est</strong></span> <span class='ocrx_word' id='word_1_382' title='bbox 661 2946 719 2984; x_wconf 83' lang='lat' dir='ltr'><strong>eum</strong></span> <span class='ocrx_word' id='word_1_383' title='bbox 738 2937 809 2984; x_wconf 84' lang='lat' dir='ltr'><strong>extra</strong></span> <span class='ocrx_word' id='word_1_384' title='bbox 827 2947 970 2986; x_wconf 87' lang='lat' dir='ltr'><strong>sermonem</strong></span> <span class='ocrx_word' id='word_1_385' title='bbox 989 2948 1063 2986; x_wconf 88' lang='lat' dir='ltr'><strong>suum</strong></span> <span class='ocrx_word' id='word_1_386' title='bbox 1081 2939 1167 3002; x_wconf 86' lang='lat' dir='ltr'><strong>ponat.</strong></span> <span class='ocrx_word' id='word_1_387' title='bbox 1194 2931 1328 3002; x_wconf 84' lang='lat' dir='ltr'><strong>tunc-ipse</strong></span> <span class='ocrx_word' id='word_1_388' title='bbox 1346 2929 1480 3002; x_wconf 78' lang='lat' dir='ltr'><strong>culpabilis</strong></span> <span class='ocrx_word' id='word_1_389' title='bbox 1497 2931 1554 2986; x_wconf 90' lang='lat' dir='ltr'><strong>iudi·</strong></span> 
     </span>
     <span class='ocr_line' id='line_1_29' title="bbox 244 3027 1567 3102; baseline 0 -20"><span class='ocrx_word' id='word_1_390' title='bbox 244 3036 315 3084; x_wconf 88' lang='lat' dir='ltr'><strong>cetur</strong></span> <span class='ocrx_word' id='word_1_391' title='bbox 333 3037 358 3082; x_wconf 87' lang='lat' dir='ltr'><strong>st</strong></span> <span class='ocrx_word' id='word_1_392' title='bbox 376 3045 463 3084; x_wconf 87' lang='lat' dir='ltr'><strong>omnes</strong></span> <span class='ocrx_word' id='word_1_393' title='bbox 482 3045 523 3084; x_wconf 88' lang='lat' dir='ltr'><strong>res</strong></span> <span class='ocrx_word' id='word_1_394' title='bbox 543 3045 632 3084; x_wconf 88' lang='lat' dir='ltr'><strong>eorum</strong></span> <span class='ocrx_word' id='word_1_395' title='bbox 650 3035 726 3082; x_wconf 88' lang='lat' dir='ltr'><strong>erunt</strong></span> <span class='ocrx_word' id='word_1_396' title='bbox 743 3037 856 3094; x_wconf 87' lang='lat' dir='ltr'><strong>auae,·et</strong></span> <span class='ocrx_word' id='word_1_397' title='bbox 874 3029 919 3101; x_wconf 87' lang='lat' dir='ltr'><strong>qui</strong></span> <span class='ocrx_word' id='word_1_398' title='bbox 932 3047 990 3084; x_wconf 86' lang='lat' dir='ltr'><strong>eum</strong></span> <span class='ocrx_word' id='word_1_399' title='bbox 1002 3029 1100 3100; x_wconf 86' lang='lat' dir='ltr'><strong>paverit</strong></span> <span class='ocrx_word' id='word_1_400' title='bbox 1111 3037 1156 3084; x_wconf 88' lang='lat' dir='ltr'><strong>aut</strong></span> <span class='ocrx_word' id='word_1_401' title='bbox 1167 3027 1319 3102; x_wconf 81' lang='lat' dir='ltr'><strong>hospitalem</strong></span> <span class='ocrx_word' id='word_1_402' title='bbox 1331 3027 1472 3102; x_wconf 75' lang='lat' dir='ltr'><strong>collegerit,</strong></span> <span class='ocrx_word' id='word_1_403' title='bbox 1490 3030 1567 3084; x_wconf 89' lang='lat' dir='ltr'><strong>etiam&#39;</strong></span> 
     </span>
     <span class='ocr_line' id='line_1_30' title="bbox 243 3123 1616 3210; baseline -0.001 -28"><span class='ocrx_word' id='word_1_404' title='bbox 243 3143 310 3182; x_wconf 82' lang='lat' dir='ltr'><strong>uxor</strong></span> <span class='ocrx_word' id='word_1_405' title='bbox 328 3143 375 3182; x_wconf 89' lang='lat' dir='ltr'><strong>sua</strong></span> <span class='ocrx_word' id='word_1_406' title='bbox 391 3127 503 3199; x_wconf 83' lang='lat' dir='ltr'><strong>propria,</strong></span> <span class='ocrx_word' id='word_1_407' title='bbox 522 3123 673 3186; x_wconf 72' lang='lat' dir='ltr'><strong>solidosld</strong></span> <span class='ocrx_word' id='word_1_408' title='bbox 693 3125 825 3198; x_wconf 87' lang='lat' dir='ltr'><strong>culpabilis</strong></span> <span class='ocrx_word' id='word_1_409' title='bbox 843 3126 970 3184; x_wconf 89' lang='lat' dir='ltr'><strong>iudicetur</strong></span> <span class='ocrx_word' id='word_1_410' title='bbox 987 3127 1067 3184; x_wconf 88' lang='lat' dir='ltr'><strong>donec</strong></span> <span class='ocrx_word' id='word_1_411' title='bbox 1085 3128 1170 3182; x_wconf 87' lang='lat' dir='ltr'><strong>omnia</strong></span> <span class='ocrx_word' id='word_1_412' title='bbox 1188 3144 1252 3199; x_wconf 89' lang='lat' dir='ltr'><strong>quae</strong></span> <span class='ocrx_word' id='word_1_413' title='bbox 1268 3129 1291 3182; x_wconf 89' lang='lat' dir='ltr'><strong>ei</strong></span> <span class='ocrx_word' id='word_1_414' title='bbox 1303 3126 1405 3200; x_wconf 74' lang='lat' dir='ltr'><strong>legibus</strong></span> <span class='ocrx_word' id='word_1_415' title='bbox 1418 3125 1556 3200; x_wconf 83' lang='lat' dir='ltr'><strong>inputantnr</strong></span> <span class='ocrx_word' id='word_1_416' title='bbox 1615 3175 1616 3210; x_wconf 42' lang='lat'>3</span> 
     </span>
     <span class='ocr_line' id='line_1_31' title="bbox 243 3224 1590 3298; baseline -0.004 -18"><span class='ocrx_word' id='word_1_417' title='bbox 243 3233 377 3296; x_wconf 83' lang='lat' dir='ltr'><strong>conponat.</strong></span> <span class='ocrx_word' id='word_1_418' title='bbox 431 3224 457 3280; x_wconf 84' lang='lat'><strong>2.</strong></span> <span class='ocrx_word' id='word_1_419' title='bbox 481 3225 510 3279; x_wconf 88' lang='lat' dir='ltr'><strong>si</strong></span> <span class='ocrx_word' id='word_1_420' title='bbox 530 3225 656 3278; x_wconf 89' lang='lat' dir='ltr'><strong>antrustio</strong></span> <span class='ocrx_word' id='word_1_421' title='bbox 675 3226 860 3280; x_wconf 89' lang='lat' dir='ltr'><strong>antrustioncm</strong></span> <span class='ocrx_word' id='word_1_422' title='bbox 876 3243 923 3297; x_wconf 91' lang='lat' dir='ltr'><strong>pro</strong></span> <span class='ocrx_word' id='word_1_423' title='bbox 944 3225 1057 3298; x_wconf 88' lang='lat' dir='ltr'><strong>qualibet</strong></span> <span class='ocrx_word' id='word_1_424' title='bbox 1075 3244 1151 3283; x_wconf 88' lang='lat' dir='ltr'><strong>causa</strong></span> <span class='ocrx_word' id='word_1_425' title='bbox 1163 3226 1292 3282; x_wconf 53' lang='lat' dir='ltr'><strong>&#39;manniret</strong></span> <span class='ocrx_word' id='word_1_426' title='bbox 1309 3233 1354 3282; x_wconf 88' lang='lat' dir='ltr'><strong>aut</strong></span> <span class='ocrx_word' id='word_1_427' title='bbox 1367 3225 1462 3280; x_wconf 82' lang='lat' dir='ltr'><strong>ibidem</strong></span> <span class='ocrx_word' id='word_1_428' title='bbox 1476 3225 1555 3280; x_wconf 85' lang='lat' dir='ltr'><strong>fidem·</strong></span> <span class='ocrx_word' id='word_1_429' title='bbox 1568 3235 1590 3274; x_wconf 84' lang='lat' dir='ltr'><strong>so</strong></span> 
     </span>
     <span class='ocr_line' id='line_1_32' title="bbox 242 3322 1555 3396; baseline -0.002 -18"><span class='ocrx_word' id='word_1_430' title='bbox 242 3324 358 3378; x_wconf 88' lang='lat' dir='ltr'><strong>iussores</strong></span> <span class='ocrx_word' id='word_1_431' title='bbox 377 3324 514 3394; x_wconf 85' lang='lat' dir='ltr'><strong>quaesierit</strong></span> <span class='ocrx_word' id='word_1_432' title='bbox 532 3332 557 3378; x_wconf 92' lang='lat' dir='ltr'><strong>et</strong></span> <span class='ocrx_word' id='word_1_433' title='bbox 575 3341 632 3378; x_wconf 88' lang='lat' dir='ltr'><strong>eum</strong></span> <span class='ocrx_word' id='word_1_434' title='bbox 650 3322 790 3380; x_wconf 78' lang='lat' dir='ltr'><strong>secundum</strong></span> <span class='ocrx_word' id='word_1_435' title='bbox 808 3322 891 3396; x_wconf 76' lang='lat' dir='ltr'><strong>legem</strong></span> <span class='ocrx_word' id='word_1_436' title='bbox 908 3341 961 3378; x_wconf 91' lang='lat' dir='ltr'><strong>non</strong></span> <span class='ocrx_word' id='word_1_437' title='bbox 978 3325 1114 3396; x_wconf 81' lang='lat' dir='ltr'><strong>rogaverit,</strong></span> <span class='ocrx_word' id='word_1_438' title='bbox 1133 3323 1234 3380; x_wconf 89' lang='lat' dir='ltr'><strong>solidos</strong></span> <span class='ocrx_word' id='word_1_439' title='bbox 1247 3322 1282 3378; x_wconf 91' lang='grc'><strong>15</strong></span> <span class='ocrx_word' id='word_1_440' title='bbox 1293 3323 1427 3396; x_wconf 87' lang='lat' dir='ltr'><strong>culpabilis</strong></span> <span class='ocrx_word' id='word_1_441' title='bbox 1440 3323 1555 3378; x_wconf 87' lang='lat' dir='ltr'><strong>iudicetur</strong></span> 
     </span>
     <span class='ocr_line' id='line_1_33' title="bbox 243 3419 1554 3495; baseline -0.005 -14"><span class='ocrx_word' id='word_1_442' title='bbox 243 3429 347 3492; x_wconf 80' lang='lat' dir='ltr'><strong>excepto</strong></span> <span class='ocrx_word' id='word_1_443' title='bbox 367 3420 439 3492; x_wconf 85' lang='lat' dir='ltr'><strong>quod</strong></span> <span class='ocrx_word' id='word_1_444' title='bbox 456 3419 538 3494; x_wconf 75' lang='lat' dir='ltr'><strong>legem</strong></span> <span class='ocrx_word' id='word_1_445' title='bbox 555 3429 659 3493; x_wconf 89' lang='lat' dir='ltr'><strong>propter</strong></span> <span class='ocrx_word' id='word_1_446' title='bbox 677 3439 778 3487; x_wconf 75' lang='lat' dir='ltr'><strong>pausam</strong></span> <span class='ocrx_word' id='word_1_447' title='bbox 796 3420 867 3476; x_wconf 88' lang='lat' dir='ltr'><strong>illius</strong></span> <span class='ocrx_word' id='word_1_448' title='bbox 886 3439 951 3476; x_wconf 90' lang='lat' dir='ltr'><strong>anno</strong></span> <span class='ocrx_word' id='word_1_449' title='bbox 970 3423 1070 3495; x_wconf 81' lang='lat' dir='ltr'><strong>integro</strong></span> <span class='ocrx_word' id='word_1_450' title='bbox 1088 3421 1235 3478; x_wconf 89' lang='lat' dir='ltr'><strong>nullatenus</strong></span> <span class='ocrx_word' id='word_1_451' title='bbox 1252 3430 1380 3478; x_wconf 86' lang='lat' dir='ltr'><strong>tenentur.</strong></span> <span class='ocrx_word' id='word_1_452' title='bbox 1428 3419 1454 3478; x_wconf 85' lang='lat'><strong>3.</strong></span> <span class='ocrx_word' id='word_1_453' title='bbox 1472 3422 1500 3478; x_wconf 84' lang='lat' dir='ltr'><strong>si</strong></span> <span class='ocrx_word' id='word_1_454' title='bbox 1515 3439 1554 3476; x_wconf 94' lang='lat' dir='ltr'><strong>au·</strong></span> 
     </span>
     <span class='ocr_line' id='line_1_34' title="bbox 242 3518 1436 3594; baseline 0 -18"><span class='ocrx_word' id='word_1_455' title='bbox 242 3521 336 3576; x_wconf 71' lang='lat' dir='ltr'><strong>oustio</strong></span> <span class='ocrx_word' id='word_1_456' title='bbox 355 3529 443 3578; x_wconf 77' lang='lat' dir='ltr'><strong>coatm</strong></span> <span class='ocrx_word' id='word_1_457' title='bbox 460 3521 617 3578; x_wconf 77' lang='lat' dir='ltr'><strong>antrustione</strong></span> <span class='ocrx_word' id='word_1_458' title='bbox 634 3520 809 3578; x_wconf 86' lang='lat' dir='ltr'><strong>testimonium</strong></span> <span class='ocrx_word' id='word_1_459' title='bbox 826 3520 960 3588; x_wconf 82' lang='lat' dir='ltr'><strong>iuraverit,</strong></span> <span class='ocrx_word' id='word_1_460' title='bbox 980 3518 1013 3576; x_wconf 88' lang='lat'><strong>15</strong></span> <span class='ocrx_word' id='word_1_461' title='bbox 1032 3519 1131 3578; x_wconf 88' lang='lat' dir='ltr'><strong>solidos</strong></span> <span class='ocrx_word' id='word_1_462' title='bbox 1149 3519 1283 3594; x_wconf 85' lang='lat' dir='ltr'><strong>culpabilia</strong></span> <span class='ocrx_word' id='word_1_463' title='bbox 1300 3520 1436 3578; x_wconf 86' lang='lat' dir='ltr'><strong>iudicetur.</strong></span> 
     </span>
    </p>
   </div>
   <div class='ocr_carea' id='block_1_3' title="bbox 845 3685 961 3754">
    <p class='ocr_par' dir='ltr' id='par_1_3' title="bbox 845 3685 961 3754">
     <span class='ocr_line' id='line_1_35' title="bbox 845 3685 961 3754; baseline -0.017 0"><span class='ocrx_word' id='word_1_464' title='bbox 845 3685 961 3754; x_wconf 88' lang='lat' dir='ltr'>XCVII.</span> 
     </span>
    </p>
   </div>
   <div class='ocr_carea' id='block_1_4' title="bbox 240 3813 1614 4384">
    <p class='ocr_par' dir='ltr' id='par_1_4' title="bbox 240 3813 1614 4384">
     <span class='ocr_line' id='line_1_36' title="bbox 301 3813 1584 3892; baseline -0.003 -18"><span class='ocrx_word' id='word_1_465' title='bbox 301 3879 304 3888; x_wconf 52' lang='grc'>,</span> <span class='ocrx_word' id='word_1_466' title='bbox 330 3816 355 3874; x_wconf 94' lang='grc'><strong>1.</strong></span> <span class='ocrx_word' id='word_1_467' title='bbox 378 3815 408 3878; x_wconf 84' lang='lat' dir='ltr'><strong>Sl</strong></span> <span class='ocrx_word' id='word_1_468' title='bbox 427 3819 595 3892; x_wconf 79' lang='lat' dir='ltr'><strong>quiscumque</strong></span> <span class='ocrx_word' id='word_1_469' title='bbox 613 3813 716 3884; x_wconf 83' lang='lat' dir='ltr'><strong>domum</strong></span> <span class='ocrx_word' id='word_1_470' title='bbox 733 3815 858 3872; x_wconf 87' lang='lat' dir='ltr'><strong>violenter</strong></span> <span class='ocrx_word' id='word_1_471' title='bbox 876 3816 1027 3872; x_wconf 77' lang='lat' dir='ltr'><strong>distraxerit</strong></span> <span class='ocrx_word' id='word_1_472' title='bbox 1044 3833 1108 3890; x_wconf 90' lang='lat' dir='ltr'><strong>quae</strong></span> <span class='ocrx_word' id='word_1_473' title='bbox 1122 3815 1214 3874; x_wconf 86' lang='lat' dir='ltr'><strong>domus</strong></span> <span class='ocrx_word' id='word_1_474' title='bbox 1230 3835 1277 3891; x_wconf 90' lang='lat' dir='ltr'><strong>pro</strong></span> <span class='ocrx_word' id='word_1_475' title='bbox 1292 3814 1451 3890; x_wconf 76' lang='lat' dir='ltr'><strong>firmamento</strong></span> <span class='ocrx_word' id='word_1_476' title='bbox 1465 3817 1554 3874; x_wconf 75' lang='lat' dir='ltr'><strong>ebrius¹</strong></span> <span class='ocrx_word' id='word_1_477' title='bbox 1567 3825 1584 3870; x_wconf 80' lang='lat' dir='ltr'><strong>st</strong></span> 
     </span>
     <span class='ocr_line' id='line_1_37' title="bbox 243 3907 1554 3989; baseline -0.002 -17"><span class='ocrx_word' id='word_1_478' title='bbox 243 3907 363 3973; x_wconf 77' lang='lat' dir='ltr'><strong>habuisse</strong></span> <span class='ocrx_word' id='word_1_479' title='bbox 380 3917 510 3988; x_wconf 85' lang='lat' dir='ltr'><strong>probatur,</strong></span> <span class='ocrx_word' id='word_1_480' title='bbox 525 3918 574 3988; x_wconf 84' lang='lat' dir='ltr'><strong>qui</strong></span> <span class='ocrx_word' id='word_1_481' title='bbox 591 3915 640 3970; x_wconf 86' lang='lat' dir='ltr'><strong>hoc</strong></span> <span class='ocrx_word' id='word_1_482' title='bbox 657 3915 739 3980; x_wconf 81' lang='lat' dir='ltr'><strong>lacere</strong></span> <span class='ocrx_word' id='word_1_483' title='bbox 757 3916 956 3989; x_wconf 82' lang='lat' dir='ltr'><strong>praesumpserit</strong></span> <span class='ocrx_word' id='word_1_484' title='bbox 974 3923 1000 3970; x_wconf 89' lang='lat' dir='ltr'><strong>et</strong></span> <span class='ocrx_word' id='word_1_485' title='bbox 1019 3917 1041 3969; x_wconf 88' lang='lat' dir='ltr'><strong>ci</strong></span> <span class='ocrx_word' id='word_1_486' title='bbox 1059 3915 1139 3975; x_wconf 86' lang='lat' dir='ltr'><strong>luerit</strong></span> <span class='ocrx_word' id='word_1_487' title='bbox 1155 3915 1331 3984; x_wconf 83' lang='lat' dir='ltr'><strong>adprobatum,</strong></span> <span class='ocrx_word' id='word_1_488' title='bbox 1349 3915 1384 3970; x_wconf 84' lang='grc'><strong>15</strong></span> <span class='ocrx_word' id='word_1_489' title='bbox 1398 3916 1497 3972; x_wconf 87' lang='lat' dir='ltr'><strong>solidos</strong></span> <span class='ocrx_word' id='word_1_490' title='bbox 1509 3914 1554 3970; x_wconf 89' lang='lat' dir='ltr'><strong>cul·</strong></span> 
     </span>
     <span class='ocr_line' id='line_1_38' title="bbox 242 3995 1614 4088; baseline 0.002 -20"><span class='ocrx_word' id='word_1_491' title='bbox 242 4013 333 4086; x_wconf 87' lang='lat' dir='ltr'><strong>pabilis</strong></span> <span class='ocrx_word' id='word_1_492' title='bbox 356 4014 489 4073; x_wconf 84' lang='lat' dir='ltr'><strong>iudicetur.</strong></span> <span class='ocrx_word' id='word_1_493' title='bbox 526 4011 576 4086; x_wconf 79' lang='lat' dir='ltr'><strong>[Et</strong></span> <span class='ocrx_word' id='word_1_494' title='bbox 597 4012 623 4070; x_wconf 84' lang='lat' dir='ltr'><strong>si</strong></span> <span class='ocrx_word' id='word_1_495' title='bbox 646 4011 683 4073; x_wconf 74' lang='lat' dir='ltr'><strong>de</strong></span> <span class='ocrx_word' id='word_1_496' title='bbox 701 4013 769 4086; x_wconf 82' lang='lat' dir='ltr'><strong>ipro</strong></span> <span class='ocrx_word' id='word_1_497' title='bbox 787 4012 870 4071; x_wconf 86' lang='lat' dir='ltr'><strong>domo</strong></span> <span class='ocrx_word' id='word_1_498' title='bbox 886 4011 1013 4086; x_wconf 77' lang='lat' dir='ltr'><strong>proinde</strong></span> <span class='ocrx_word' id='word_1_499' title='bbox 1028 3995 1095 4070; x_wconf 72' lang='lat' dir='ltr'><strong>&#39;cam</strong></span> <span class='ocrx_word' id='word_1_500' title='bbox 1112 4029 1197 4068; x_wconf 79' lang='lat' dir='ltr'><strong>carro</strong></span> <span class='ocrx_word' id='word_1_501' title='bbox 1217 4011 1329 4088; x_wconf 83' lang='lat' dir='ltr'><strong>aliquid</strong></span> <span class='ocrx_word' id='word_1_502' title='bbox 1346 4011 1462 4072; x_wconf 81' lang='lat' dir='ltr'><strong>tradere</strong></span> <span class='ocrx_word' id='word_1_503' title='bbox 1478 4030 1552 4087; x_wconf 80' lang='lat' dir='ltr'><strong>proc·</strong></span> <span class='ocrx_word' id='word_1_504' title='bbox 1613 4053 1614 4072; x_wconf 76' lang='grc'><strong>.</strong></span> 
     </span>
     <span class='ocr_line' id='line_1_39' title="bbox 241 4093 1614 4187; baseline -0.002 -17"><span class='ocrx_word' id='word_1_505' title='bbox 241 4109 407 4184; x_wconf 77' lang='lat' dir='ltr'><strong>sumpserit,</strong></span> <span class='ocrx_word' id='word_1_506' title='bbox 431 4119 550 4187; x_wconf 74' lang='lat' dir='ltr'><strong>eccepto</strong></span> <span class='ocrx_word' id='word_1_507' title='bbox 572 4111 721 4186; x_wconf 79' lang='lat' dir='ltr'><strong>asperiore</strong></span> <span class='ocrx_word' id='word_1_508' title='bbox 745 4127 859 4168; x_wconf 80' lang='lat' dir='ltr'><strong>numero</strong></span> <span class='ocrx_word' id='word_1_509' title='bbox 884 4109 1113 4168; x_wconf 65' lang='lat' dir='ltr'><strong>remorsurus</strong></span> <span class='ocrx_word' id='word_1_510' title='bbox 1131 4111 1179 4186; x_wconf 82' lang='lat' dir='ltr'><strong>qui</strong></span> <span class='ocrx_word' id='word_1_511' title='bbox 1195 4108 1310 4182; x_wconf 80' lang='lat' dir='ltr'><strong>faciunt</strong></span> <span class='ocrx_word' id='word_1_512' title='bbox 1325 4111 1437 4170; x_wconf 81' lang='lat' dir='ltr'><strong>solidos</strong></span> <span class='ocrx_word' id='word_1_513' title='bbox 1453 4111 1492 4168; x_wconf 80' lang='lat'><strong>30</strong></span> <span class='ocrx_word' id='word_1_514' title='bbox 1506 4110 1552 4168; x_wconf 84' lang='lat' dir='ltr'><strong>cot·</strong></span> <span class='ocrx_word' id='word_1_515' title='bbox 1613 4093 1614 4158; x_wconf 59' lang='grc' dir='ltr'>ἶ</span> 
     </span>
     <span class='ocr_line' id='line_1_40' title="bbox 240 4207 1614 4294; baseline -0.001 -28"><span class='ocrx_word' id='word_1_516' title='bbox 240 4208 351 4282; x_wconf 81' lang='lat' dir='ltr'><strong>pradilia</strong></span> <span class='ocrx_word' id='word_1_517' title='bbox 372 4209 513 4271; x_wconf 80' lang='lat' dir='ltr'><strong>iudicetur</strong></span> <span class='ocrx_word' id='word_1_518' title='bbox 536 4219 654 4284; x_wconf 72' lang='lat' dir='ltr'><strong>eccepto</strong></span> <span class='ocrx_word' id='word_1_519' title='bbox 678 4208 805 4284; x_wconf 81' lang='lat' dir='ltr'><strong>capitote</strong></span> <span class='ocrx_word' id='word_1_520' title='bbox 829 4216 855 4268; x_wconf 88' lang='lat' dir='ltr'><strong>et</strong></span> <span class='ocrx_word' id='word_1_521' title='bbox 873 4207 1027 4280; x_wconf 71' lang='lat' dir='ltr'><strong>ottocaro]</strong></span> <span class='ocrx_word' id='word_1_522' title='bbox 1086 4211 1112 4268; x_wconf 88' lang='grc'><strong>2.</strong></span> <span class='ocrx_word' id='word_1_523' title='bbox 1141 4211 1169 4266; x_wconf 85' lang='lat' dir='ltr'><strong>Si</strong></span> <span class='ocrx_word' id='word_1_524' title='bbox 1193 4211 1251 4282; x_wconf 88' lang='lat' dir='ltr'><strong>quis</strong></span> <span class='ocrx_word' id='word_1_525' title='bbox 1275 4211 1405 4267; x_wconf 87' lang='lat' dir='ltr'><strong>hominem</strong></span> <span class='ocrx_word' id='word_1_526' title='bbox 1422 4214 1509 4267; x_wconf 87' lang='lat' dir='ltr'><strong>vivum</strong></span> <span class='ocrx_word' id='word_1_527' title='bbox 1527 4210 1553 4264; x_wconf 89' lang='lat' dir='ltr'><strong>de</strong></span> <span class='ocrx_word' id='word_1_528' title='bbox 1613 4209 1614 4294; x_wconf 83' lang='grc'><strong>1</strong></span> 
     </span>
     <span class='ocr_line' id='line_1_41' title="bbox 242 4306 1591 4384; baseline -0.001 -20"><span class='ocrx_word' id='word_1_529' title='bbox 242 4309 314 4366; x_wconf 82' lang='lat' dir='ltr'><strong>furca</strong></span> <span class='ocrx_word' id='word_1_530' title='bbox 335 4309 426 4366; x_wconf 90' lang='lat' dir='ltr'><strong>toliere</strong></span> <span class='ocrx_word' id='word_1_531' title='bbox 448 4311 659 4382; x_wconf 87' lang='lat' dir='ltr'><strong>praesumpserit,</strong></span> <span class='ocrx_word' id='word_1_532' title='bbox 683 4310 727 4382; x_wconf 91' lang='lat' dir='ltr'><strong>qui</strong></span> <span class='ocrx_word' id='word_1_533' title='bbox 752 4327 810 4364; x_wconf 89' lang='lat' dir='ltr'><strong>cum</strong></span> <span class='ocrx_word' id='word_1_534' title='bbox 833 4307 902 4364; x_wconf 89' lang='lat' dir='ltr'><strong>tollit</strong></span> <span class='ocrx_word' id='word_1_535' title='bbox 926 4318 951 4366; x_wconf 89' lang='lat' dir='ltr'><strong>ct</strong></span> <span class='ocrx_word' id='word_1_536' title='bbox 969 4310 992 4366; x_wconf 92' lang='lat' dir='ltr'><strong>ei</strong></span> <span class='ocrx_word' id='word_1_537' title='bbox 1009 4307 1088 4364; x_wconf 85' lang='lat' dir='ltr'><strong>fuerit</strong></span> <span class='ocrx_word' id='word_1_538' title='bbox 1105 4306 1286 4382; x_wconf 86' lang='lat' dir='ltr'><strong>adprobatum,</strong></span> <span class='ocrx_word' id='word_1_539' title='bbox 1304 4311 1356 4366; x_wconf 89' lang='lat' dir='ltr'><strong>vita</strong></span> <span class='ocrx_word' id='word_1_540' title='bbox 1374 4328 1421 4366; x_wconf 88' lang='lat' dir='ltr'><strong>sua</strong></span> <span class='ocrx_word' id='word_1_541' title='bbox 1438 4329 1485 4384; x_wconf 87' lang='lat' dir='ltr'><strong>pro</strong></span> <span class='ocrx_word' id='word_1_542' title='bbox 1502 4311 1551 4382; x_wconf 88' lang='lat' dir='ltr'><strong>ipso</strong></span> <span class='ocrx_word' id='word_1_543' title='bbox 1566 4319 1591 4360; x_wconf 79' lang='lat' dir='ltr'><strong>st</strong></span> 
     </span>
    </p>
   </div>
   <div class='ocr_carea' id='block_1_5' title="bbox 243 4519 1552 4778">
    <p class='ocr_par' dir='ltr' id='par_1_5' title="bbox 243 4519 1552 4778">
     <span class='ocr_line' id='line_1_42' title="bbox 259 4519 1519 4600; baseline 0 -20"><span class='ocrx_word' id='word_1_544' title='bbox 259 4585 262 4590; x_wconf 20' lang='grc' dir='ltr'><strong>Δ</strong></span> <span class='ocrx_word' id='word_1_545' title='bbox 281 4526 302 4594; x_wconf 76' lang='grc'><strong>1)</strong></span> <span class='ocrx_word' id='word_1_546' title='bbox 325 4521 367 4580; x_wconf 81' lang='lat' dir='ltr'><strong>ita</strong></span> <span class='ocrx_word' id='word_1_547' title='bbox 387 4521 429 4579; x_wconf 92' lang='grc'><strong>11.</strong></span> <span class='ocrx_word' id='word_1_548' title='bbox 455 4522 587 4580; x_wconf 85' lang='lat' dir='ltr'><strong>uracdredo</strong></span> <span class='ocrx_word' id='word_1_549' title='bbox 607 4522 648 4581; x_wconf 90' lang='grc'><strong>10.</strong></span> <span class='ocrx_word' id='word_1_550' title='bbox 967 4525 987 4594; x_wconf 85' lang='lat'><strong>¹)</strong></span> <span class='ocrx_word' id='word_1_551' title='bbox 1005 4522 1047 4580; x_wconf 83' lang='lat' dir='ltr'><strong>ito</strong></span> <span class='ocrx_word' id='word_1_552' title='bbox 1066 4519 1108 4581; x_wconf 87' lang='grc'><strong>11.</strong></span> <span class='ocrx_word' id='word_1_553' title='bbox 1136 4519 1181 4578; x_wconf 89' lang='lat' dir='ltr'><strong>cha</strong></span> <span class='ocrx_word' id='word_1_554' title='bbox 1199 4520 1277 4578; x_wconf 88' lang='lat' dir='ltr'><strong>malta</strong></span> <span class='ocrx_word' id='word_1_555' title='bbox 1294 4521 1319 4579; x_wconf 85' lang='lat'><strong>1.</strong></span> <span class='ocrx_word' id='word_1_556' title='bbox 1347 4525 1460 4600; x_wconf 79' lang='lat' dir='ltr'><strong>gauialto</strong></span> <span class='ocrx_word' id='word_1_557' title='bbox 1480 4524 1519 4582; x_wconf 87' lang='grc'><strong>10.</strong></span> 
     </span>
     <span class='ocr_line' id='line_1_43' title="bbox 281 4609 1552 4690; baseline 0 -22"><span class='ocrx_word' id='word_1_558' title='bbox 281 4616 302 4680; x_wconf 82' lang='grc'><strong>·)</strong></span> <span class='ocrx_word' id='word_1_559' title='bbox 319 4611 362 4668; x_wconf 82' lang='lat' dir='ltr'><strong>ito</strong></span> <span class='ocrx_word' id='word_1_560' title='bbox 377 4611 419 4668; x_wconf 89' lang='lat'><strong>11.</strong></span> <span class='ocrx_word' id='word_1_561' title='bbox 436 4617 507 4668; x_wconf 83' lang='lat' dir='ltr'><strong>viros</strong></span> <span class='ocrx_word' id='word_1_562' title='bbox 518 4613 626 4671; x_wconf 84' lang='lat' dir='ltr'><strong>idoneos</strong></span> <span class='ocrx_word' id='word_1_563' title='bbox 640 4612 664 4669; x_wconf 92' lang='lat'><strong>1.</strong></span> <span class='ocrx_word' id='word_1_564' title='bbox 686 4610 817 4670; x_wconf 85' lang='lat' dir='ltr'><strong>uuedredo</strong></span> <span class='ocrx_word' id='word_1_565' title='bbox 831 4609 873 4670; x_wconf 88' lang='grc'><strong>10.</strong></span> <span class='ocrx_word' id='word_1_566' title='bbox 927 4609 1036 4668; x_wconf 83' lang='lat' dir='ltr'><strong>xcvtl.</strong></span> <span class='ocrx_word' id='word_1_567' title='bbox 1060 4615 1079 4682; x_wconf 87' lang='lat'><strong>¹)</strong></span> <span class='ocrx_word' id='word_1_568' title='bbox 1097 4612 1139 4668; x_wconf 83' lang='lat' dir='ltr'><strong>ito</strong></span> <span class='ocrx_word' id='word_1_569' title='bbox 1158 4613 1182 4669; x_wconf 89' lang='lat'><strong>1.</strong></span> <span class='ocrx_word' id='word_1_570' title='bbox 1206 4621 1232 4670; x_wconf 89' lang='lat' dir='ltr'><strong>et</strong></span> <span class='ocrx_word' id='word_1_571' title='bbox 1250 4614 1268 4669; x_wconf 87' lang='lat'><strong>2</strong></span> <span class='ocrx_word' id='word_1_572' title='bbox 1285 4612 1315 4670; x_wconf 82' lang='lat' dir='ltr'><strong>in</strong></span> <span class='ocrx_word' id='word_1_573' title='bbox 1332 4631 1401 4690; x_wconf 84' lang='lat' dir='ltr'><strong>cop.</strong></span> <span class='ocrx_word' id='word_1_574' title='bbox 1418 4614 1460 4672; x_wconf 85' lang='grc'><strong>73.</strong></span> <span class='ocrx_word' id='word_1_575' title='bbox 1484 4630 1552 4686; x_wconf 79' lang='lat' dir='ltr'><strong>supc-</strong></span> 
     </span>
     <span class='ocr_line' id='line_1_44' title="bbox 243 4699 1551 4778; baseline 0.002 -23"><span class='ocrx_word' id='word_1_576' title='bbox 243 4752 247 4762; x_wconf 78' lang='grc'><strong><em>,</em></strong></span> <span class='ocrx_word' id='word_1_577' title='bbox 282 4704 302 4768; x_wconf 76' lang='grc'><strong>1)</strong></span> <span class='ocrx_word' id='word_1_578' title='bbox 320 4701 362 4756; x_wconf 83' lang='lat' dir='ltr'><strong>ito</strong></span> <span class='ocrx_word' id='word_1_579' title='bbox 377 4700 401 4756; x_wconf 90' lang='lat'><strong>1.</strong></span> <span class='ocrx_word' id='word_1_580' title='bbox 426 4702 463 4758; x_wconf 89' lang='lat' dir='ltr'><strong>illi</strong></span> <span class='ocrx_word' id='word_1_581' title='bbox 480 4703 601 4760; x_wconf 88' lang='lat' dir='ltr'><strong>amonitio</strong></span> <span class='ocrx_word' id='word_1_582' title='bbox 615 4699 657 4760; x_wconf 88' lang='grc'><strong>10.</strong></span> <span class='ocrx_word' id='word_1_583' title='bbox 681 4703 714 4760; x_wconf 86' lang='lat' dir='ltr'><strong>ad</strong></span> <span class='ocrx_word' id='word_1_584' title='bbox 728 4705 817 4760; x_wconf 88' lang='lat' dir='ltr'><strong>mittco</strong></span> <span class='ocrx_word' id='word_1_585' title='bbox 831 4702 873 4762; x_wconf 86' lang='lat' dir='ltr'><strong>tt.</strong></span> <span class='ocrx_word' id='word_1_586' title='bbox 926 4705 981 4759; x_wconf 90' lang='lat' dir='ltr'><strong>rius</strong></span> <span class='ocrx_word' id='word_1_587' title='bbox 993 4700 1011 4761; x_wconf 87' lang='grc'><strong>2</strong></span> <span class='ocrx_word' id='word_1_588' title='bbox 1023 4700 1053 4756; x_wconf 83' lang='lat' dir='ltr'><strong>io</strong></span> <span class='ocrx_word' id='word_1_589' title='bbox 1069 4718 1136 4776; x_wconf 84' lang='lat' dir='ltr'><strong>cop.</strong></span> <span class='ocrx_word' id='word_1_590' title='bbox 1155 4702 1198 4760; x_wconf 88' lang='grc'><strong>92.</strong></span> <span class='ocrx_word' id='word_1_591' title='bbox 1222 4705 1308 4760; x_wconf 88' lang='lat' dir='ltr'><strong>iberus</strong></span> <span class='ocrx_word' id='word_1_592' title='bbox 1328 4703 1370 4778; x_wconf 69' lang='grc'><strong>10.</strong></span> <span class='ocrx_word' id='word_1_593' title='bbox 1395 4707 1496 4765; x_wconf 86' lang='lat' dir='ltr'><strong>hebrius</strong></span> <span class='ocrx_word' id='word_1_594' title='bbox 1513 4701 1551 4761; x_wconf 90' lang='grc'><strong>11.</strong></span> 
     </span>
    </p>
   </div>
   <div class='ocr_carea' id='block_1_6' title="bbox 0 0 1622 5237">
    <p class='ocr_par' dir='ltr' id='par_1_6' title="bbox 0 0 1622 5237">
     <span class='ocr_line' id='line_1_45' title="bbox 0 0 1622 5237; baseline 0 0"><span class='ocrx_word' id='word_1_595' title='bbox 0 0 1622 5237; x_wconf 95' lang='lat' dir='ltr'><strong> </strong></span> 
     </span>
    </p>
   </div>
  </div>
 </body>
</html>
