3236 5242
278 228 328 304 tu
820 249 890 303 nux
919 249 1049 304 source.

276 419 384 474 habetur
401 422 548 491 suspectus,
574 417 677 474 domino
696 419 821 474 secrecius
840 435 896 472 cum
915 417 1024 473 testibus
1044 419 1204 486 condicatur,
1222 426 1253 473 ut
1269 420 1336 474 intre
1352 417 1389 475 20
1406 427 1491 475 noster
1506 422 1570 492 ipsun

276 501 334 572 anth
350 517 459 572 iudicem
473 517 568 572 debeat
584 527 754 590 praesentare.
783 518 853 589 quod
873 519 894 570 si
913 519 939 571 in
958 524 1082 571 statutum
1099 527 1200 589 tempus
1218 518 1388 574 intercedente
1408 517 1518 573 conludio
1533 540 1571 578 non

278 616 384 684 iecerit,
405 618 459 688 ipsc
484 601 603 670 domiuus
628 625 710 670 status
735 617 775 670 sui
799 617 870 670 iuxta
893 614 999 670 modum
1021 615 1108 688 culpae
1130 619 1197 670 inter
1214 615 1280 670 freto
1300 624 1325 670 et
1341 615 1404 671 fedo
1421 626 1572 688 conpensetrr.

277 713 306 769 Si
324 731 415 770 servus
434 723 491 770 ante
509 715 668 769 admonitum
686 714 817 768 dominum
837 713 954 779 defuerit,
974 713 1078 786 capitale
1093 705 1211 768 dominus
1223 716 1342 769 restituat
1354 723 1379 770 et
1391 715 1423 770 de
1435 732 1505 770 servo
1516 715 1573 774 iaciat

277 815 426 879 cessionem,
446 812 581 883 [futurum]
601 821 630 867 ut
648 830 704 867 eum
722 814 845 867 inventus
860 811 951 878 inerit,
971 812 1044 868 detur
1061 811 1206 866 vindictam.
1586 831 1594 870 r

363 908 389 966 6.
419 910 449 966 Si
472 913 530 984 quis
554 911 652 966 occulte
678 911 708 966 de
731 928 760 965 re
784 911 833 965 sibi
856 909 940 966 bireta
962 929 977 966 a
996 910 1111 984 quolibet
1127 909 1226 965 dabone
1244 911 1450 983 conpositionem
1466 914 1576 983 acceperit,

258 1016 384 1081 ¹utraque
407 1009 514 1064 latronis
538 1009 636 1082 culpam
657 1009 792 1064 subiaceat.
821 1009 964 1069 furtamen
982 1009 1109 1064 iudicibus
1127 1017 1309 1081 praesentetur.
1338 1008 1426 1064 nullus
1443 1008 1541 1064 latronis
1555 1020 1579 1066 ut

80 1143 94 1191 ;
183 1186 185 1190 Ι
277 1107 416 1180 quemlibet
433 1107 583 1180 culpabilem
601 1107 713 1163 ocultare
731 1116 883 1182 praesumot.
912 1111 952 1162 cui
971 1110 994 1162 si
1011 1107 1104 1173 deerit,
1123 1106 1214 1162 similis
1232 1106 1272 1160 illi
1290 1107 1418 1162 subiaeest
1436 1106 1513 1179 culpe.

364 1204 389 1260 7.
407 1205 501 1270 Nullus
518 1205 643 1260 latronem
660 1205 703 1260 ved
722 1207 861 1278 quemlibet
877 1206 1037 1279 culpsbilcm,
1055 1208 1122 1266 sicut
1134 1223 1191 1259 cum
1203 1207 1328 1278 episeopis
1342 1207 1468 1270 convenit,
1486 1205 1513 1260 de
1527 1209 1580 1263 atrio

222 1287 223 1294 ἵ
277 1303 396 1360 eeclesiae
409 1305 547 1359 extrahere
563 1313 715 1376 praesumet.
741 1304 823 1376 [quod
841 1304 874 1374 si]
892 1297 1257 1382 praesumpseritcsnonibus
1275 1303 1388 1360 ferietur.
1412 1303 1483 1376 quod
1499 1306 1520 1358 si
1532 1315 1580 1360 suot
1591 1320 1606 1360 u

277 1402 409 1469 ecclesiae,
435 1402 529 1474 quibus
553 1403 616 1457 atria
640 1402 724 1457 clausa
745 1421 797 1458 non
816 1413 887 1470 sunt,
910 1403 941 1456 ab
960 1411 1067 1474 utraque
1085 1411 1155 1474 parte
1173 1405 1298 1474 parietum
1314 1411 1397 1457 terrae
1416 1403 1526 1473 spacium
1542 1405 1582 1457 ori-

276 1503 365 1574 pennis
383 1518 429 1574 pro
448 1502 512 1554 atrio
530 1501 688 1582 observetur⁷
714 1500 808 1556 Nullus
827 1501 976 1576 confugiens
995 1501 1059 1554 ioris
1078 1509 1135 1555 ente
1154 1501 1219 1555 dicta
1236 1500 1294 1556 loca
1309 1519 1357 1574 pro
1377 1515 1508 1572 operarum
1524 1503 1582 1572 cupi·

77 1612 80 1649 f
188 1659 189 1662 Ἴ
278 1600 355 1655 ditate
373 1617 401 1654 se
420 1599 486 1653 dicat
504 1601 580 1654 exire.
613 1600 683 1672 quod
702 1601 724 1653 si
742 1599 848 1654 feceriut
867 1608 892 1655 et
910 1603 975 1672 capti
993 1601 1100 1668 fuerint,
1124 1601 1157 1654 ad
1174 1581 1279 1674 dignum
1297 1599 1347 1656 sibi
1365 1598 1516 1670 supplicium
1533 1617 1583 1654 eon·

277 1699 435 1754 denudentur.
459 1697 534 1764 Quod
547 1699 569 1752 si
582 1697 718 1752 cuiuslibet
730 1716 820 1752 servus
834 1698 953 1754 deserens
967 1717 1042 1768 suum
1056 1693 1186 1754 dominum
1199 1699 1231 1752 ad
1243 1697 1372 1754 eeclesiam
1384 1697 1534 1770 confugerit,
1548 1699 1584 1752 ubi

186 1831 190 1840 ·
275 1799 385 1870 primum
404 1796 522 1850 dominus
542 1797 597 1850 eius
616 1795 746 1851 advenerit
764 1798 884 1850 continuo
905 1806 1040 1852 excusatus
1058 1797 1192 1863 reddatur,
1216 1797 1332 1852 futurum
1349 1804 1380 1850 nt
1396 1797 1420 1850 si
1438 1795 1469 1850 de
1484 1797 1585 1867 precium
1597 1812 1613 1851 tt

276 1897 432 1960 convenerit,
449 1895 549 1966 precius
566 1894 695 1949 reddatur.
718 1897 740 1948 si
758 1903 842 1949 tamen
861 1895 1079 1951 admonicionem
1096 1897 1206 1968 petentis
1223 1895 1328 1950 reddere
1345 1893 1465 1959 noluerit,
1483 1895 1586 1964 precium

196 1977 197 1984 ἵ
276 1993 368 2061 solvat,
386 1993 503 2048 futurum
521 2010 576 2046 cum
595 1994 724 2048 invenitur
742 1995 764 2047 si
782 1993 865 2065 piaret
881 2002 1009 2066 receptum
1027 1997 1139 2067 precium
1157 2011 1247 2049 servus
1266 1993 1370 2048 domino
1388 1989 1550 2047 reformetur.

362 2090 389 2148 8.
416 2091 452 2146 Ut
472 2093 499 2145 in
518 2097 601 2146 truste
620 2091 692 2145 electi
712 2094 847 2146 centenarii
864 2101 1005 2164 ponantur,
1029 2093 1060 2148 de
1077 2092 1207 2148 fiscalibus
1227 2100 1253 2147 et
1270 2093 1384 2146 omnium
1402 2089 1522 2147 domibus
1540 2106 1589 2144 een·

276 2193 384 2246 suimus.
417 2190 470 2244 Pro
488 2199 576 2244 tenure
594 2192 662 2262 pacis
681 2191 811 2256 iubemus,
832 2200 862 2245 ut
879 2193 906 2245 iu
923 2199 1006 2246 truste
1025 2191 1097 2246 clenti
1116 2192 1251 2246 centenarii
1269 2197 1404 2262 ponantur,
1422 2205 1469 2260 per
1486 2205 1591 2260 quorum

232 2329 236 2338 .
275 2291 351 2345 fidem
375 2297 451 2362 atque
475 2288 672 2367 sollicitudinem
695 2307 745 2362 pax
766 2289 893 2362 praedicta
918 2290 1074 2346 observetur.
1110 2290 1145 2344 Et
1169 2291 1228 2361 quia
1245 2287 1299 2342 Deo
1322 2287 1437 2360 propicio
1462 2288 1531 2341 inter
1550 2304 1613 2344 nost

276 2371 428 2462 germanitas
446 2388 590 2460 indisrupto
609 2381 711 2444 viuculo
731 2391 842 2444 caritatis
861 2389 1013 2456 custoditur,
1032 2391 1168 2444 centenarii
1179 2381 1246 2460 'ergo
1266 2385 1318 2456 [vel
1336 2387 1426 2458 quiin
1442 2393 1529 2440 truste
1544 2403 1594 2440 esse

95 2459 98 2478 Ε
277 2487 405 2557 dicuntur]
428 2489 494 2542 inter
518 2505 664 2543 communes
688 2489 831 2559 provincias
853 2487 983 2542 licenciam
1003 2487 1112 2542 habeant
1128 2486 1240 2541 latrones
1257 2500 1412 2558 persequere
1428 2483 1471 2538 vel
1489 2487 1595 2558 vestigia

277 2586 407 2660 adsignata
430 2603 545 2652 menese,
569 2595 594 2640 ct
616 2588 643 2640 in
666 2594 748 2640 truste
772 2585 843 2658 quod
866 2585 986 2641 defecerit
1004 2589 1070 2641 sicut
1088 2585 1182 2640 dietum
1201 2593 1241 2640 est
1259 2599 1334 2638 eausa
1351 2590 1492 2649 remaneat,
1518 2584 1555 2636 ita
1571 2591 1594 2635 ut

66 2738 99 2750 .
166 2759 169 2766 λ
277 2687 398 2740 conbnuo
418 2685 521 2757 ospitale
540 2687 563 2738 ei
582 2686 626 2756 qui
641 2684 783 2756 perdiderit
799 2683 938 2740 reformare
955 2685 1068 2752 festinet,
1086 2683 1347 2740 tamenutlatronem
1358 2683 1510 2753 perquirat·
1526 2699 1595 2752 quem

276 2785 299 2838 si
316 2785 343 2838 in
360 2791 443 2838 truste
460 2801 506 2854 per
523 2800 553 2837 se
569 2785 702 2850 invenerit,
722 2783 882 2838 medietatem
900 2783 950 2838 sibi
968 2784 1079 2838 vindicet
1095 2781 1137 2838 vel
1156 2781 1265 2838 ditatura
1282 2781 1306 2835 si
1323 2779 1408 2846 fuerit,
1427 2779 1459 2833 de
1477 2778 1613 2834 farrrltater

73 2871 105 2953 J'
215 2919 216 2922 =
276 2882 382 2936 latronis
401 2883 424 2936 ei
443 2883 487 2953 qui
506 2881 624 2936 damnum
642 2881 746 2953 pertulit
763 2883 894 2940 sarciatur.
929 2881 1033 2936 Nam'si
1051 2897 1211 2952 persequens
1226 2878 1351 2934 latronem
1362 2879 1477 2949 ceperit,
1500 2863 1612 2949 integre'

131 2975 136 3048 j
161 3029 162 3032 ,
276 2981 325 3035 sibi
344 2981 522 3052 conposicione
541 2979 619 3054 simui
636 2989 662 3034 et
679 2980 808 3035 solutione
824 2981 865 3036 vel
879 2980 1009 3052 quidquid
1023 2953 1149 3051 dispendii
1160 2977 1238 3034 fuerit
1255 2976 1393 3032 revocabit.
1411 2975 1497 3032 fretus
1516 2985 1598 3032 temen

193 3113 195 3118 ,
276 3079 354 3134 'rudici
371 3082 398 3134 iu
417 3080 489 3133 cuius
508 3080 638 3150 provincia
656 3087 696 3133 est
713 3078 778 3134 latro
796 3087 942 3134 reservetur
959 3080 1107 3151 requirenti.
1222 3054 1224 3060 Ι
1402 3068 1404 3073 ’

363 3176 388 3234 9.
413 3177 442 3232 Si
462 3179 519 3248 quis
538 3177 571 3232 ad
588 3179 724 3250 vestigium
742 3177 784 3232 vel
802 3177 834 3232 ad
851 3177 976 3233 latronem
994 3175 1198 3249 persequendum
1216 3174 1362 3230 admonitus
1375 3174 1462 3230 venire
1477 3173 1601 3239 noluerit,

275 3274 292 3331 5
311 3275 410 3331 solidos
427 3275 510 3330 iudice
528 3276 717 3330 condemnetur.

365 3373 407 3430 10.
434 3375 475 3448 Et
491 3392 554 3446 quere
575 3376 601 3428 in
619 3375 665 3430 lici
683 3377 786 3430 nornine
804 3393 850 3446 pro
869 3377 937 3447 pacis
953 3382 1044 3429 tenore
1062 3374 1242 3430 constituimus
1259 3374 1287 3428 in
1304 3379 1455 3445 perpetuum
1474 3371 1603 3426 volumus

277 3473 417 3528 custodire..
441 3473 495 3528 hou
509 3481 661 3539 statuentes,
679 3463 715 3528 ut‘
728 3475 750 3528 si
769 3476 827 3546 quis
846 3491 879 3530 ex
895 3473 1023 3528 iudicibus
1041 3472 1108 3528 hunc
1127 3473 1255 3528 decretum
1275 3470 1370 3528 violare
1387 3473 1607 3542 praesumpserit,

220 3577 223 3586 ’
276 3573 342 3628 vitae
353 3570 495 3646 periculum
507 3589 535 3628 sc
548 3572 676 3628 subiacere
690 3563 834 3647 cognoscet.
854 3571 899 3643 [bit
910 3573 960 3626 ista
973 3573 1057 3627 omnia
1066 3570 1190 3628 antedicta
1202 3571 1269 3628 sicut
1280 3571 1366 3642 priora
1378 3578 1445 3626 stare
1456 3568 1606 3638 iubemus]

502 3891 662 3992 Capituia
690 3915 758 3992 que
785 3891 819 3966 in
848 3891 925 3992 lege
952 3865 1061 3966 salica
1086 3887 1257 3966 mittenda
1285 3900 1375 3964 suut.

364 4046 396 4110 ln
419 4042 531 4111 Christi
553 4046 671 4110 nomine
694 4046 840 4132 incipiunt
862 4045 990 4132 capitula
1012 4045 1084 4130 legis
1107 4045 1292 4131 imperatoris
1306 4011 1414 4108 Karoli'
1432 4060 1546 4127 nuper
1572 4042 1606 4104 in

179 4185 181 4190 ·
277 4173 375 4228 vente.
409 4161 501 4246 Anno
520 4165 608 4228 te‘rtio
633 4163 847 4238 elementissimi
870 4160 969 4227 domni
992 4163 1087 4226 nostri
1101 4161 1202 4226 Karoli
1226 4160 1345 4248 augusti
1360 4157 1417 4224 sub
1432 4160 1508 4245 ipso
1531 4177 1616 4221 auno

277 4281 350 4344 baec
378 4277 455 4344 sacta
480 4280 607 4365 capitula
629 4292 700 4344 sunt
723 4291 752 4343 et
775 4281 946 4367 consignata
969 4277 1120 4366 Stephano
1145 4279 1259 4356 comiti,
1289 4290 1324 4342 ut
1345 4276 1418 4341 haec
1441 4273 1613 4340 manifest

278 4395 395 4461 iecisset
423 4399 453 4459 in
484 4397 601 4497 civitate
628 4395 759 4461 Parisius
787 4382 874 4460 mallo
905 4396 1046 4484 pubplico
1077 4409 1106 4461 ct
1132 4389 1197 4482 ipsa
1225 4395 1321 4483 legere
1349 4391 1467 4458 iecisset
1506 4415 1618 4457 corae

164 4591 165 4594 Ἴ
244 4513 334 4578 ¹illis
358 4511 516 4584 scabineis.
543 4511 625 4601 quod
647 4516 687 4577 ita
711 4526 741 4578 et
762 4503 842 4578 iecit.
875 4511 914 4578 Et
936 4535 1035 4578 omnes
1058 4515 1089 4576 in
1111 4533 1171 4576 uuo
1195 4521 1415 4586 consenserunt,
1440 4491 1546 4597 pund
1566 4512 1614 4596 ips

278 4630 443 4695 voluissent
465 4633 544 4706 omui
566 4642 698 4718 tempore
721 4631 880 4698 observare
895 4652 989 4718 usque
1005 4632 1035 4694 in
1049 4642 1210 4718 posterum.
1235 4631 1322 4694 etiarn
1338 4649 1439 4697 omnes
1456 4626 1610 4694 scabino

86 4730 87 4733 ¹
198 4747 220 4816 f
281 4749 426 4842 episcopi,
451 4744 583 4826 abbatis,
608 4748 721 4813 comitis
744 4769 832 4814 manu
854 4749 977 4840 propria
999 4745 1101 4813 subter
1122 4746 1320 4816 firmaverunt.
