<?xml version="1.0" encoding="UTF-8"?>
<!DOCTYPE html PUBLIC "-//W3C//DTD XHTML 1.0 Transitional//EN"
    "http://www.w3.org/TR/xhtml1/DTD/xhtml1-transitional.dtd">
<html xmlns="http://www.w3.org/1999/xhtml" xml:lang="en" lang="en">
 <head>
  <title>
</title>
<meta http-equiv="Content-Type" content="text/html;charset=utf-8" />
  <meta name='ocr-system' content='tesseract 3.04.00' />
  <meta name='ocr-capabilities' content='ocr_page ocr_carea ocr_par ocr_line ocrx_word'/>
</head>
<body>
  <div class='ocr_page' id='page_1' title='image "./lexsalica01grimgoog_0143.png"; bbox 0 0 3236 5242; ppageno 0'>
   <div class='ocr_carea' id='block_1_1' title="bbox 241 180 1014 254">
    <p class='ocr_par' dir='ltr' id='par_1_1' title="bbox 241 180 1014 254">
     <span class='ocr_line' id='line_1_1' title="bbox 241 180 1014 254; baseline -0.001 -1"><span class='ocrx_word' id='word_1_1' title='bbox 241 180 291 254; x_wconf 83' lang='grc'>36</span> <span class='ocrx_word' id='word_1_2' title='bbox 786 199 856 251; x_wconf 84' lang='lat' dir='ltr'>nux</span> <span class='ocrx_word' id='word_1_3' title='bbox 885 197 1014 252; x_wconf 79' lang='lat' dir='ltr'>sacros.</span> 
     </span>
    </p>
   </div>
   <div class='ocr_carea' id='block_1_2' title="bbox 170 366 1590 2020">
    <p class='ocr_par' dir='ltr' id='par_1_2' title="bbox 170 366 1590 2020">
     <span class='ocr_line' id='line_1_2' title="bbox 242 366 1554 450; baseline 0.005 -26"><span class='ocrx_word' id='word_1_4' title='bbox 242 371 367 425; x_wconf 86' lang='lat' dir='ltr'>anteriore</span> <span class='ocrx_word' id='word_1_5' title='bbox 385 369 476 423; x_wconf 89' lang='lat' dir='ltr'>marito</span> <span class='ocrx_word' id='word_1_6' title='bbox 493 366 562 422; x_wconf 86' lang='lat' dir='ltr'>filios</span> <span class='ocrx_word' id='word_1_7' title='bbox 582 368 664 436; x_wconf 84' lang='lat' dir='ltr'>babet,</span> <span class='ocrx_word' id='word_1_8' title='bbox 680 373 799 442; x_wconf 85' lang='lat' dir='ltr'>parentes</span> <span class='ocrx_word' id='word_1_9' title='bbox 817 366 943 450; x_wconf 83' lang='lat' dir='ltr'>infantum</span> <span class='ocrx_word' id='word_1_10' title='bbox 964 385 1070 424; x_wconf 85' lang='lat' dir='ltr'>suorum</span> <span class='ocrx_word' id='word_1_11' title='bbox 1089 369 1222 425; x_wconf 80' lang='lat' dir='ltr'><strong>consiliare</strong></span> <span class='ocrx_word' id='word_1_12' title='bbox 1241 369 1323 426; x_wconf 86' lang='lat' dir='ltr'>dehet.</span> <span class='ocrx_word' id='word_1_13' title='bbox 1359 371 1432 426; x_wconf 79' lang='lat' dir='ltr'>Etsi</span> <span class='ocrx_word' id='word_1_14' title='bbox 1451 373 1478 427; x_wconf 84' lang='lat' dir='ltr'>ia</span> <span class='ocrx_word' id='word_1_15' title='bbox 1496 375 1554 432; x_wconf 86' lang='lat' dir='ltr'>dotis</span> 
     </span>
     <span class='ocr_line' id='line_1_3' title="bbox 242 463 1554 540; baseline 0.003 -17"><span class='ocrx_word' id='word_1_16' title='bbox 242 467 276 524; x_wconf 86' lang='lat'>25</span> <span class='ocrx_word' id='word_1_17' title='bbox 296 467 394 523; x_wconf 89' lang='lat' dir='ltr'>solidos</span> <span class='ocrx_word' id='word_1_18' title='bbox 414 468 516 538; x_wconf 85' lang='lat' dir='ltr'>accepit,</span> <span class='ocrx_word' id='word_1_19' title='bbox 534 463 551 521; x_wconf 88' lang='grc'><strong>3</strong></span> <span class='ocrx_word' id='word_1_20' title='bbox 571 466 670 521; x_wconf 89' lang='lat' dir='ltr'>solidos</span> <span class='ocrx_word' id='word_1_21' title='bbox 689 466 833 520; x_wconf 88' lang='lat' dir='ltr'>achasium¹</span> <span class='ocrx_word' id='word_1_22' title='bbox 850 467 998 538; x_wconf 86' lang='lat' dir='ltr'>parentibus</span> <span class='ocrx_word' id='word_1_23' title='bbox 1017 471 1062 539; x_wconf 90' lang='lat' dir='ltr'>qui</span> <span class='ocrx_word' id='word_1_24' title='bbox 1077 471 1248 540; x_wconf 87' lang='lat' dir='ltr'>proximiores</span> <span class='ocrx_word' id='word_1_25' title='bbox 1267 478 1328 524; x_wconf 89' lang='lat' dir='ltr'>sunt</span> <span class='ocrx_word' id='word_1_26' title='bbox 1340 471 1429 523; x_wconf 79' lang='lat' dir='ltr'>marito</span> <span class='ocrx_word' id='word_1_27' title='bbox 1444 469 1554 528; x_wconf 84' lang='lat' dir='ltr'>defuncto</span> 
     </span>
     <span class='ocr_line' id='line_1_4' title="bbox 244 559 1555 638; baseline 0.004 -17"><span class='ocrx_word' id='word_1_28' title='bbox 244 559 328 622; x_wconf 87' lang='lat' dir='ltr'>donet.</span> <span class='ocrx_word' id='word_1_29' title='bbox 352 566 401 621; x_wconf 94' lang='lat' dir='ltr'>hoc</span> <span class='ocrx_word' id='word_1_30' title='bbox 420 573 460 620; x_wconf 88' lang='lat' dir='ltr'>est</span> <span class='ocrx_word' id='word_1_31' title='bbox 477 567 500 619; x_wconf 91' lang='lat' dir='ltr'>si</span> <span class='ocrx_word' id='word_1_32' title='bbox 517 573 589 637; x_wconf 84' lang='lat' dir='ltr'>pater</span> <span class='ocrx_word' id='word_1_33' title='bbox 607 573 651 619; x_wconf 87' lang='lat' dir='ltr'>ant</span> <span class='ocrx_word' id='word_1_34' title='bbox 668 572 748 620; x_wconf 90' lang='lat' dir='ltr'>mater</span> <span class='ocrx_word' id='word_1_35' title='bbox 768 564 868 631; x_wconf 84' lang='lat' dir='ltr'>desunt,</span> <span class='ocrx_word' id='word_1_36' title='bbox 887 565 965 620; x_wconf 83' lang='lat' dir='ltr'>frater</span> <span class='ocrx_word' id='word_1_37' title='bbox 984 564 1096 620; x_wconf 76' lang='lat' dir='ltr'><strong>defuncti</strong></span> <span class='ocrx_word' id='word_1_38' title='bbox 1115 576 1159 622; x_wconf 85' lang='lat' dir='ltr'>aut</span> <span class='ocrx_word' id='word_1_39' title='bbox 1177 576 1243 623; x_wconf 87' lang='lat' dir='ltr'>certe</span> <span class='ocrx_word' id='word_1_40' title='bbox 1260 585 1341 638; x_wconf 90' lang='lat' dir='ltr'>nepus</span> <span class='ocrx_word' id='word_1_41' title='bbox 1357 568 1443 622; x_wconf 84' lang='lat' dir='ltr'>fratris</span> <span class='ocrx_word' id='word_1_42' title='bbox 1456 571 1555 626; x_wconf 88' lang='lat' dir='ltr'>senioris</span> 
     </span>
     <span class='ocr_line' id='line_1_5' title="bbox 241 643 1557 736; baseline 0.003 -18"><span class='ocrx_word' id='word_1_43' title='bbox 241 665 319 731; x_wconf 83' lang='lat' dir='ltr'>iilius,</span> <span class='ocrx_word' id='word_1_44' title='bbox 337 665 400 736; x_wconf 88' lang='lat' dir='ltr'>ipsis</span> <span class='ocrx_word' id='word_1_45' title='bbox 420 663 536 719; x_wconf 80' lang='lat' dir='ltr'>achacius</span> <span class='ocrx_word' id='word_1_46' title='bbox 557 663 669 718; x_wconf 86' lang='lat' dir='ltr'>debetur.</span> <span class='ocrx_word' id='word_1_47' title='bbox 694 671 719 717; x_wconf 86' lang='lat' dir='ltr'>et</span> <span class='ocrx_word' id='word_1_48' title='bbox 737 665 759 717; x_wconf 92' lang='lat' dir='ltr'>si</span> <span class='ocrx_word' id='word_1_49' title='bbox 777 643 821 717; x_wconf 86' lang='lat' dir='ltr'>isti</span> <span class='ocrx_word' id='word_1_50' title='bbox 839 682 892 718; x_wconf 87' lang='lat' dir='ltr'>non</span> <span class='ocrx_word' id='word_1_51' title='bbox 910 663 1014 731; x_wconf 87' lang='lat' dir='ltr'>fuerint,</span> <span class='ocrx_word' id='word_1_52' title='bbox 1032 673 1094 718; x_wconf 91' lang='lat' dir='ltr'>tunc</span> <span class='ocrx_word' id='word_1_53' title='bbox 1112 668 1139 720; x_wconf 93' lang='lat' dir='ltr'>in</span> <span class='ocrx_word' id='word_1_54' title='bbox 1156 645 1233 721; x_wconf 81' lang='lat' dir='ltr'>mallo</span> <span class='ocrx_word' id='word_1_55' title='bbox 1252 665 1330 720; x_wconf 92' lang='lat' dir='ltr'>iudici</span> <span class='ocrx_word' id='word_1_56' title='bbox 1348 666 1398 720; x_wconf 92' lang='lat' dir='ltr'>hoc</span> <span class='ocrx_word' id='word_1_57' title='bbox 1417 674 1457 720; x_wconf 82' lang='lat' dir='ltr'>est</span> <span class='ocrx_word' id='word_1_58' title='bbox 1475 670 1557 723; x_wconf 85' lang='lat' dir='ltr'>comite</span> 
     </span>
     <span class='ocr_line' id='line_1_6' title="bbox 242 753 1579 836; baseline -0.001 -19"><span class='ocrx_word' id='word_1_59' title='bbox 242 771 286 817; x_wconf 83' lang='lat' dir='ltr'>aut</span> <span class='ocrx_word' id='word_1_60' title='bbox 304 763 416 836; x_wconf 88' lang='lat' dir='ltr'>grafione</span> <span class='ocrx_word' id='word_1_61' title='bbox 434 770 509 834; x_wconf 82' lang='lat' dir='ltr'>roget</span> <span class='ocrx_word' id='word_1_62' title='bbox 527 761 557 816; x_wconf 90' lang='lat' dir='ltr'>dc</span> <span class='ocrx_word' id='word_1_63' title='bbox 577 763 674 816; x_wconf 86' lang='lat' dir='ltr'>camin</span> <span class='ocrx_word' id='word_1_64' title='bbox 692 761 799 817; x_wconf 88' lang='lat' dir='ltr'>verbum</span> <span class='ocrx_word' id='word_1_65' title='bbox 817 764 885 836; x_wconf 80' lang='lat' dir='ltr'>regis</span> <span class='ocrx_word' id='word_1_66' title='bbox 898 753 1000 829; x_wconf 84' lang='lat' dir='ltr'>mittat,</span> <span class='ocrx_word' id='word_1_67' title='bbox 1020 769 1046 818; x_wconf 84' lang='lat' dir='ltr'>et</span> <span class='ocrx_word' id='word_1_68' title='bbox 1063 762 1191 818; x_wconf 88' lang='lat' dir='ltr'>achasium</span> <span class='ocrx_word' id='word_1_69' title='bbox 1211 782 1286 836; x_wconf 91' lang='lat' dir='ltr'>quem</span> <span class='ocrx_word' id='word_1_70' title='bbox 1304 763 1451 836; x_wconf 84' lang='lat' dir='ltr'>parentibus</span> <span class='ocrx_word' id='word_1_71' title='bbox 1470 769 1579 820; x_wconf 82' lang='lat' dir='ltr'>mortuis</span> 
     </span>
     <span class='ocr_line' id='line_1_7' title="bbox 242 859 1558 940; baseline 0.003 -25"><span class='ocrx_word' id='word_1_72' title='bbox 242 863 326 916; x_wconf 85' lang='lat' dir='ltr'>mariti</span> <span class='ocrx_word' id='word_1_73' title='bbox 344 860 403 914; x_wconf 89' lang='lat' dir='ltr'>darc</span> <span class='ocrx_word' id='word_1_74' title='bbox 422 859 561 914; x_wconf 79' lang='lat' dir='ltr'>debuerant</span> <span class='ocrx_word' id='word_1_75' title='bbox 577 861 643 932; x_wconf 86' lang='lat' dir='ltr'>parti</span> <span class='ocrx_word' id='word_1_76' title='bbox 656 859 716 914; x_wconf 87' lang='lat' dir='ltr'>&#39;fisci</span> <span class='ocrx_word' id='word_1_77' title='bbox 735 859 860 932; x_wconf 79' lang='lat' dir='ltr'><strong>adquirat.</strong></span> <span class='ocrx_word' id='word_1_78' title='bbox 889 861 918 916; x_wconf 86' lang='lat' dir='ltr'>Si</span> <span class='ocrx_word' id='word_1_79' title='bbox 936 879 1003 940; x_wconf 45' lang='lat' dir='ltr'>vcro¹</span> <span class='ocrx_word' id='word_1_80' title='bbox 1016 859 1084 929; x_wconf 67' lang='lat'>62¹),</span> <span class='ocrx_word' id='word_1_81' title='bbox 1106 861 1204 917; x_wconf 86' lang='lat' dir='ltr'>solidos</span> <span class='ocrx_word' id='word_1_82' title='bbox 1212 863 1243 918; x_wconf 89' lang='lat' dir='ltr'>in</span> <span class='ocrx_word' id='word_1_83' title='bbox 1256 862 1324 916; x_wconf 90' lang='lat' dir='ltr'>dotis</span> <span class='ocrx_word' id='word_1_84' title='bbox 1336 865 1449 935; x_wconf 85' lang='lat' dir='ltr'>accipiat,</span> <span class='ocrx_word' id='word_1_85' title='bbox 1466 861 1558 919; x_wconf 84' lang='lat' dir='ltr'>solidos</span> 
     </span>
     <span class='ocr_line' id='line_1_8' title="bbox 242 957 1561 1034; baseline 0.003 -20"><span class='ocrx_word' id='word_1_86' title='bbox 242 959 259 1014; x_wconf 87' lang='lat'><strong>6</strong></span> <span class='ocrx_word' id='word_1_87' title='bbox 277 962 304 1013; x_wconf 93' lang='lat' dir='ltr'>in</span> <span class='ocrx_word' id='word_1_88' title='bbox 319 959 446 1014; x_wconf 77' lang='lat' dir='ltr'>achacium</span> <span class='ocrx_word' id='word_1_89' title='bbox 466 958 564 1026; x_wconf 81' lang='lat' dir='ltr'>dentur,</span> <span class='ocrx_word' id='word_1_90' title='bbox 583 958 632 1012; x_wconf 93' lang='lat' dir='ltr'>hoc</span> <span class='ocrx_word' id='word_1_91' title='bbox 651 957 724 1014; x_wconf 74' lang='lat' dir='ltr'>esre</span> <span class='ocrx_word' id='word_1_92' title='bbox 736 976 781 1030; x_wconf 91' lang='lat' dir='ltr'>per</span> <span class='ocrx_word' id='word_1_93' title='bbox 795 959 899 1016; x_wconf 89' lang='lat' dir='ltr'>decinus</span> <span class='ocrx_word' id='word_1_94' title='bbox 913 959 961 1015; x_wconf 89' lang='lat' dir='ltr'>sol.</span> <span class='ocrx_word' id='word_1_95' title='bbox 975 960 1070 1034; x_wconf 80' lang='lat' dir='ltr'>singuli</span> <span class='ocrx_word' id='word_1_96' title='bbox 1081 963 1108 1016; x_wconf 90' lang='lat' dir='ltr'>in</span> <span class='ocrx_word' id='word_1_97' title='bbox 1121 961 1250 1015; x_wconf 84' lang='lat' dir='ltr'>achasium</span> <span class='ocrx_word' id='word_1_98' title='bbox 1263 961 1395 1016; x_wconf 81' lang='lat' dir='ltr'>debentur.</span> <span class='ocrx_word' id='word_1_99' title='bbox 1428 961 1470 1017; x_wconf 89' lang='lat' dir='ltr'>Sic</span> <span class='ocrx_word' id='word_1_100' title='bbox 1482 970 1561 1018; x_wconf 84' lang='lat' dir='ltr'>tamen</span> 
     </span>
     <span class='ocr_line' id='line_1_9' title="bbox 242 1056 1559 1132; baseline 0.002 -20"><span class='ocrx_word' id='word_1_101' title='bbox 242 1067 272 1112; x_wconf 88' lang='lat' dir='ltr'>ut</span> <span class='ocrx_word' id='word_1_102' title='bbox 295 1058 380 1113; x_wconf 89' lang='lat' dir='ltr'>dotem</span> <span class='ocrx_word' id='word_1_103' title='bbox 405 1075 480 1130; x_wconf 91' lang='lat' dir='ltr'>quem</span> <span class='ocrx_word' id='word_1_104' title='bbox 503 1059 615 1116; x_wconf 85' lang='lat' dir='ltr'>anterior</span> <span class='ocrx_word' id='word_1_105' title='bbox 637 1059 744 1112; x_wconf 89' lang='lat' dir='ltr'>maritus</span> <span class='ocrx_word' id='word_1_106' title='bbox 769 1056 851 1123; x_wconf 92' lang='lat' dir='ltr'>dedit,</span> <span class='ocrx_word' id='word_1_107' title='bbox 874 1057 935 1112; x_wconf 87' lang='lat' dir='ltr'>filiis</span> <span class='ocrx_word' id='word_1_108' title='bbox 958 1061 1013 1114; x_wconf 88' lang='lat' dir='ltr'>suis</span> <span class='ocrx_word' id='word_1_109' title='bbox 1032 1067 1092 1132; x_wconf 88' lang='lat' dir='ltr'>post</span> <span class='ocrx_word' id='word_1_110' title='bbox 1110 1059 1313 1114; x_wconf 84' lang='lat' dir='ltr'>obitummatris</span> <span class='ocrx_word' id='word_1_111' title='bbox 1332 1062 1387 1114; x_wconf 89' lang='lat' dir='ltr'>sine</span> <span class='ocrx_word' id='word_1_112' title='bbox 1405 1058 1488 1115; x_wconf 88' lang='lat' dir='ltr'>ullum</span> <span class='ocrx_word' id='word_1_113' title='bbox 1506 1078 1559 1114; x_wconf 90' lang='lat' dir='ltr'>con·</span> 
     </span>
     <span class='ocr_line' id='line_1_10' title="bbox 243 1154 1559 1230; baseline 0.002 -19"><span class='ocrx_word' id='word_1_114' title='bbox 243 1159 354 1212; x_wconf 90' lang='lat' dir='ltr'>sorcium</span> <span class='ocrx_word' id='word_1_115' title='bbox 374 1157 423 1211; x_wconf 90' lang='lat' dir='ltr'>sibi</span> <span class='ocrx_word' id='word_1_116' title='bbox 441 1155 575 1212; x_wconf 83' lang='lat' dir='ltr'>vendicent</span> <span class='ocrx_word' id='word_1_117' title='bbox 592 1173 620 1210; x_wconf 92' lang='lat' dir='ltr'>ac</span> <span class='ocrx_word' id='word_1_118' title='bbox 639 1154 784 1210; x_wconf 83' lang='lat' dir='ltr'>defendant.</span> <span class='ocrx_word' id='word_1_119' title='bbox 808 1155 840 1210; x_wconf 90' lang='lat' dir='ltr'>dc</span> <span class='ocrx_word' id='word_1_120' title='bbox 859 1174 909 1228; x_wconf 92' lang='lat' dir='ltr'>qua</span> <span class='ocrx_word' id='word_1_121' title='bbox 928 1156 1012 1211; x_wconf 90' lang='lat' dir='ltr'>dotem</span> <span class='ocrx_word' id='word_1_122' title='bbox 1031 1165 1112 1212; x_wconf 87' lang='lat' dir='ltr'>mater</span> <span class='ocrx_word' id='word_1_123' title='bbox 1129 1175 1175 1212; x_wconf 93' lang='lat' dir='ltr'>nec</span> <span class='ocrx_word' id='word_1_124' title='bbox 1192 1157 1302 1213; x_wconf 88' lang='lat' dir='ltr'>vendere</span> <span class='ocrx_word' id='word_1_125' title='bbox 1321 1175 1366 1213; x_wconf 91' lang='lat' dir='ltr'>nec</span> <span class='ocrx_word' id='word_1_126' title='bbox 1386 1157 1480 1214; x_wconf 91' lang='lat' dir='ltr'>donare</span> <span class='ocrx_word' id='word_1_127' title='bbox 1495 1177 1559 1230; x_wconf 88' lang='lat' dir='ltr'>prae·</span> 
     </span>
     <span class='ocr_line' id='line_1_11' title="bbox 244 1253 1590 1314; baseline 0.001 -4"><span class='ocrx_word' id='word_1_128' title='bbox 244 1265 336 1310; x_wconf 87' lang='lat' dir='ltr'>sumat.</span> <span class='ocrx_word' id='word_1_129' title='bbox 366 1254 440 1310; x_wconf 80' lang='lat' dir='ltr'>Certe</span> <span class='ocrx_word' id='word_1_130' title='bbox 459 1256 482 1309; x_wconf 89' lang='lat' dir='ltr'>si</span> <span class='ocrx_word' id='word_1_131' title='bbox 500 1254 592 1309; x_wconf 85' lang='lat' dir='ltr'>mulier</span> <span class='ocrx_word' id='word_1_132' title='bbox 610 1253 641 1309; x_wconf 92' lang='lat' dir='ltr'>de</span> <span class='ocrx_word' id='word_1_133' title='bbox 659 1255 785 1308; x_wconf 88' lang='lat' dir='ltr'>anteriore</span> <span class='ocrx_word' id='word_1_134' title='bbox 803 1255 894 1308; x_wconf 88' lang='lat' dir='ltr'>marito</span> <span class='ocrx_word' id='word_1_135' title='bbox 912 1253 981 1309; x_wconf 86' lang='lat' dir='ltr'>filios</span> <span class='ocrx_word' id='word_1_136' title='bbox 999 1273 1051 1310; x_wconf 90' lang='lat' dir='ltr'>non</span> <span class='ocrx_word' id='word_1_137' title='bbox 1069 1257 1187 1311; x_wconf 86' lang='lat' dir='ltr'>habuerit</span> <span class='ocrx_word' id='word_1_138' title='bbox 1204 1265 1230 1311; x_wconf 89' lang='lat' dir='ltr'>et</span> <span class='ocrx_word' id='word_1_139' title='bbox 1247 1275 1304 1312; x_wconf 93' lang='lat' dir='ltr'>cum</span> <span class='ocrx_word' id='word_1_140' title='bbox 1323 1257 1383 1312; x_wconf 91' lang='lat' dir='ltr'>dote</span> <span class='ocrx_word' id='word_1_141' title='bbox 1402 1275 1449 1312; x_wconf 92' lang='lat' dir='ltr'>sua</span> <span class='ocrx_word' id='word_1_142' title='bbox 1462 1255 1494 1311; x_wconf 88' lang='lat' dir='ltr'>ad</span> <span class='ocrx_word' id='word_1_143' title='bbox 1505 1257 1559 1314; x_wconf 84' lang='lat' dir='ltr'>aliar</span> <span class='ocrx_word' id='word_1_144' title='bbox 1572 1272 1590 1311; x_wconf 86' lang='lat' dir='ltr'>le</span> 
     </span>
     <span class='ocr_line' id='line_1_12' title="bbox 243 1337 1558 1427; baseline 0.002 -19"><span class='ocrx_word' id='word_1_145' title='bbox 243 1337 354 1426; x_wconf 51' lang='lat' dir='ltr'>nuptias*</span> <span class='ocrx_word' id='word_1_146' title='bbox 364 1352 491 1408; x_wconf 87' lang='lat' dir='ltr'>ambulare</span> <span class='ocrx_word' id='word_1_147' title='bbox 506 1353 629 1419; x_wconf 85' lang='lat' dir='ltr'>volucrit,</span> <span class='ocrx_word' id='word_1_148' title='bbox 649 1355 715 1408; x_wconf 88' lang='lat' dir='ltr'>sicut</span> <span class='ocrx_word' id='word_1_149' title='bbox 733 1355 851 1424; x_wconf 87' lang='lat' dir='ltr'>euporius</span> <span class='ocrx_word' id='word_1_150' title='bbox 871 1353 982 1408; x_wconf 83' lang='lat' dir='ltr'>diximus</span> <span class='ocrx_word' id='word_1_151' title='bbox 1001 1355 1130 1410; x_wconf 80' lang='lat' dir='ltr'>acharium</span> <span class='ocrx_word' id='word_1_152' title='bbox 1150 1355 1235 1410; x_wconf 87' lang='lat' dir='ltr'>donet.</span> <span class='ocrx_word' id='word_1_153' title='bbox 1262 1355 1295 1410; x_wconf 80' lang='lat' dir='ltr'>Et</span> <span class='ocrx_word' id='word_1_154' title='bbox 1315 1357 1351 1410; x_wconf 88' lang='lat' dir='ltr'>sie</span> <span class='ocrx_word' id='word_1_155' title='bbox 1363 1363 1453 1427; x_wconf 80' lang='lat' dir='ltr'>postea</span> <span class='ocrx_word' id='word_1_156' title='bbox 1465 1373 1558 1411; x_wconf 86' lang='lat' dir='ltr'>scamno</span> 
     </span>
     <span class='ocr_line' id='line_1_13' title="bbox 246 1450 1566 1525; baseline 0.002 -19"><span class='ocrx_word' id='word_1_157' title='bbox 246 1453 375 1524; x_wconf 87' lang='lat' dir='ltr'>cooperiat</span> <span class='ocrx_word' id='word_1_158' title='bbox 398 1459 423 1506; x_wconf 92' lang='lat' dir='ltr'>ct</span> <span class='ocrx_word' id='word_1_159' title='bbox 445 1451 511 1506; x_wconf 90' lang='lat' dir='ltr'>lecto</span> <span class='ocrx_word' id='word_1_160' title='bbox 535 1469 592 1505; x_wconf 92' lang='lat' dir='ltr'>cum</span> <span class='ocrx_word' id='word_1_161' title='bbox 615 1450 719 1506; x_wconf 87' lang='lat' dir='ltr'>lectaria</span> <span class='ocrx_word' id='word_1_162' title='bbox 743 1459 817 1506; x_wconf 89' lang='lat' dir='ltr'>ornet</span> <span class='ocrx_word' id='word_1_163' title='bbox 840 1459 865 1506; x_wconf 91' lang='lat' dir='ltr'>et</span> <span class='ocrx_word' id='word_1_164' title='bbox 887 1460 944 1506; x_wconf 86' lang='lat' dir='ltr'>ante</span> <span class='ocrx_word' id='word_1_165' title='bbox 967 1470 1060 1507; x_wconf 90' lang='lat' dir='ltr'>novem</span> <span class='ocrx_word' id='word_1_166' title='bbox 1081 1461 1160 1508; x_wconf 86' lang='lat' dir='ltr'>testes</span> <span class='ocrx_word' id='word_1_167' title='bbox 1179 1454 1326 1525; x_wconf 89' lang='lat' dir='ltr'>parentibus</span> <span class='ocrx_word' id='word_1_168' title='bbox 1346 1454 1459 1509; x_wconf 77' lang='lat' dir='ltr'>defuncti</span> <span class='ocrx_word' id='word_1_169' title='bbox 1478 1457 1566 1508; x_wconf 89' lang='lat' dir='ltr'>marito</span> 
     </span>
     <span class='ocr_line' id='line_1_14' title="bbox 244 1550 1559 1625; baseline 0.002 -21"><span class='ocrx_word' id='word_1_170' title='bbox 244 1553 335 1604; x_wconf 85' lang='lat' dir='ltr'>invitat</span> <span class='ocrx_word' id='word_1_171' title='bbox 353 1559 379 1604; x_wconf 90' lang='lat' dir='ltr'>ct</span> <span class='ocrx_word' id='word_1_172' title='bbox 397 1550 475 1606; x_wconf 86' lang='lat' dir='ltr'>dicat:</span> <span class='ocrx_word' id='word_1_173' title='bbox 493 1568 600 1606; x_wconf 58' lang='lat' dir='ltr'>somnes</span> <span class='ocrx_word' id='word_1_174' title='bbox 619 1551 681 1606; x_wconf 91' lang='lat' dir='ltr'>mihi</span> <span class='ocrx_word' id='word_1_175' title='bbox 699 1557 778 1604; x_wconf 87' lang='lat' dir='ltr'>testes</span> <span class='ocrx_word' id='word_1_176' title='bbox 798 1551 870 1617; x_wconf 72' lang='lat' dir='ltr'>sitis,</span> <span class='ocrx_word' id='word_1_177' title='bbox 883 1552 942 1622; x_wconf 88' lang='lat' dir='ltr'>quia</span> <span class='ocrx_word' id='word_1_178' title='bbox 961 1559 986 1606; x_wconf 89' lang='lat' dir='ltr'>et</span> <span class='ocrx_word' id='word_1_179' title='bbox 1005 1551 1133 1606; x_wconf 78' lang='lat' dir='ltr'>achacium</span> <span class='ocrx_word' id='word_1_180' title='bbox 1153 1551 1211 1608; x_wconf 90' lang='lat' dir='ltr'>dedi</span> <span class='ocrx_word' id='word_1_181' title='bbox 1223 1561 1253 1606; x_wconf 89' lang='lat' dir='ltr'>ut</span> <span class='ocrx_word' id='word_1_182' title='bbox 1264 1570 1350 1624; x_wconf 88' lang='lat' dir='ltr'>pacem</span> <span class='ocrx_word' id='word_1_183' title='bbox 1362 1553 1467 1608; x_wconf 87' lang='lat' dir='ltr'>babeam</span> <span class='ocrx_word' id='word_1_184' title='bbox 1479 1572 1559 1625; x_wconf 87' lang='lat' dir='ltr'>paren·</span> 
     </span>
     <span class='ocr_line' id='line_1_15' title="bbox 214 1631 1559 1726; baseline 0.003 -24"><span class='ocrx_word' id='word_1_185' title='bbox 214 1639 217 1646; x_wconf 46' lang='lat'>²</span> <span class='ocrx_word' id='word_1_186' title='bbox 242 1658 312 1715; x_wconf 90' lang='lat' dir='ltr'>tum,</span> <span class='ocrx_word' id='word_1_187' title='bbox 337 1657 362 1703; x_wconf 92' lang='lat' dir='ltr'>et</span> <span class='ocrx_word' id='word_1_188' title='bbox 384 1649 478 1704; x_wconf 84' lang='lat' dir='ltr'>lectum</span> <span class='ocrx_word' id='word_1_189' title='bbox 502 1657 610 1704; x_wconf 83' lang='lat' dir='ltr'>stratum</span> <span class='ocrx_word' id='word_1_190' title='bbox 629 1657 654 1704; x_wconf 88' lang='lat' dir='ltr'>et</span> <span class='ocrx_word' id='word_1_191' title='bbox 671 1648 774 1704; x_wconf 85' lang='lat' dir='ltr'>lectaria</span> <span class='ocrx_word' id='word_1_192' title='bbox 793 1649 918 1724; x_wconf 83' lang='lat' dir='ltr'>condigna</span> <span class='ocrx_word' id='word_1_193' title='bbox 937 1659 961 1704; x_wconf 94' lang='lat' dir='ltr'>et</span> <span class='ocrx_word' id='word_1_194' title='bbox 979 1667 1081 1704; x_wconf 88' lang='lat' dir='ltr'>scamno</span> <span class='ocrx_word' id='word_1_195' title='bbox 1102 1659 1221 1723; x_wconf 90' lang='lat' dir='ltr'>cooperto</span> <span class='ocrx_word' id='word_1_196' title='bbox 1240 1659 1266 1706; x_wconf 92' lang='lat' dir='ltr'>et</span> <span class='ocrx_word' id='word_1_197' title='bbox 1283 1631 1430 1716; x_wconf 83' lang='lat' dir='ltr'>cathedras,</span> <span class='ocrx_word' id='word_1_198' title='bbox 1454 1669 1517 1726; x_wconf 89' lang='lat' dir='ltr'>quae</span> <span class='ocrx_word' id='word_1_199' title='bbox 1534 1653 1559 1707; x_wconf 93' lang='lat' dir='ltr'>de</span> 
     </span>
     <span class='ocr_line' id='line_1_16' title="bbox 244 1747 1590 1821; baseline 0.006 -20"><span class='ocrx_word' id='word_1_200' title='bbox 244 1765 300 1801; x_wconf 86' lang='lat' dir='ltr'>casa</span> <span class='ocrx_word' id='word_1_201' title='bbox 322 1749 401 1819; x_wconf 89' lang='lat' dir='ltr'>patris</span> <span class='ocrx_word' id='word_1_202' title='bbox 425 1749 474 1802; x_wconf 89' lang='lat' dir='ltr'>mei</span> <span class='ocrx_word' id='word_1_203' title='bbox 496 1747 602 1802; x_wconf 87' lang='lat' dir='ltr'>exhibui</span> <span class='ocrx_word' id='word_1_204' title='bbox 626 1747 667 1802; x_wconf 90' lang='lat' dir='ltr'>hic</span> <span class='ocrx_word' id='word_1_205' title='bbox 686 1747 818 1802; x_wconf 80' lang='lat' dir='ltr'>demitto·</span> <span class='ocrx_word' id='word_1_206' title='bbox 853 1749 888 1802; x_wconf 89' lang='lat' dir='ltr'>Et</span> <span class='ocrx_word' id='word_1_207' title='bbox 905 1749 954 1803; x_wconf 90' lang='lat' dir='ltr'>hoe</span> <span class='ocrx_word' id='word_1_208' title='bbox 972 1749 1046 1804; x_wconf 86' lang='lat' dir='ltr'>liceat</span> <span class='ocrx_word' id='word_1_209' title='bbox 1064 1768 1121 1804; x_wconf 87' lang='lat' dir='ltr'>cum</span> <span class='ocrx_word' id='word_1_210' title='bbox 1140 1749 1203 1804; x_wconf 89' lang='lat' dir='ltr'>duas</span> <span class='ocrx_word' id='word_1_211' title='bbox 1221 1758 1305 1821; x_wconf 88' lang='lat' dir='ltr'>partes</span> <span class='ocrx_word' id='word_1_212' title='bbox 1325 1749 1392 1804; x_wconf 85' lang='lat' dir='ltr'>dotis</span> <span class='ocrx_word' id='word_1_213' title='bbox 1412 1751 1453 1804; x_wconf 85' lang='lat' dir='ltr'>sui</span> <span class='ocrx_word' id='word_1_214' title='bbox 1472 1750 1520 1816; x_wconf 87' lang='lat' dir='ltr'>aiio</span> <span class='ocrx_word' id='word_1_215' title='bbox 1537 1769 1559 1806; x_wconf 86' lang='lat' dir='ltr'>se</span> <span class='ocrx_word' id='word_1_216' title='bbox 1572 1771 1590 1810; x_wconf 81' lang='lat' dir='ltr'>rs</span> 
     </span>
     <span class='ocr_line' id='line_1_17' title="bbox 170 1827 1558 1920; baseline 0.003 -21"><span class='ocrx_word' id='word_1_217' title='bbox 170 1839 172 1842; x_wconf 63' lang='grc'><strong>’</strong></span> <span class='ocrx_word' id='word_1_218' title='bbox 245 1847 304 1900; x_wconf 86' lang='lat' dir='ltr'>darc</span> <span class='ocrx_word' id='word_1_219' title='bbox 322 1848 422 1900; x_wconf 88' lang='lat' dir='ltr'>marito.</span> <span class='ocrx_word' id='word_1_220' title='bbox 451 1846 479 1900; x_wconf 87' lang='lat' dir='ltr'>Si</span> <span class='ocrx_word' id='word_1_221' title='bbox 498 1863 558 1900; x_wconf 90' lang='lat' dir='ltr'>vero</span> <span class='ocrx_word' id='word_1_222' title='bbox 577 1845 648 1901; x_wconf 86' lang='lat' dir='ltr'>istud</span> <span class='ocrx_word' id='word_1_223' title='bbox 666 1863 718 1900; x_wconf 90' lang='lat' dir='ltr'>non</span> <span class='ocrx_word' id='word_1_224' title='bbox 735 1846 832 1914; x_wconf 83' lang='lat' dir='ltr'>fecerit,</span> <span class='ocrx_word' id='word_1_225' title='bbox 852 1847 915 1902; x_wconf 93' lang='lat' dir='ltr'>duas</span> <span class='ocrx_word' id='word_1_226' title='bbox 933 1856 1018 1920; x_wconf 90' lang='lat' dir='ltr'>partes</span> <span class='ocrx_word' id='word_1_227' title='bbox 1038 1848 1106 1902; x_wconf 89' lang='lat' dir='ltr'>dotis</span> <span class='ocrx_word' id='word_1_228' title='bbox 1125 1827 1213 1920; x_wconf 87' lang='lat' dir='ltr'>perdat</span> <span class='ocrx_word' id='word_1_229' title='bbox 1230 1855 1258 1908; x_wconf 83' lang='lat' dir='ltr'>ct</span> <span class='ocrx_word' id='word_1_230' title='bbox 1274 1851 1379 1918; x_wconf 86' lang='lat' dir='ltr'>insuper</span> <span class='ocrx_word' id='word_1_231' title='bbox 1392 1839 1455 1902; x_wconf 82' lang='lat' dir='ltr'>fisco</span> <span class='ocrx_word' id='word_1_232' title='bbox 1469 1848 1558 1903; x_wconf 88' lang='lat' dir='ltr'>solidos</span> 
     </span>
     <span class='ocr_line' id='line_1_18' title="bbox 243 1925 1551 2020; baseline 0.002 -20"><span class='ocrx_word' id='word_1_233' title='bbox 243 1944 309 2016; x_wconf 58' lang='lat'>62¹2,</span> <span class='ocrx_word' id='word_1_234' title='bbox 333 1945 465 2019; x_wconf 88' lang='lat' dir='ltr'>culpabilis</span> <span class='ocrx_word' id='word_1_235' title='bbox 484 1945 619 2001; x_wconf 87' lang='lat' dir='ltr'>iudicetur.</span> <span class='ocrx_word' id='word_1_236' title='bbox 657 1944 704 2016; x_wconf 81' lang='lat' dir='ltr'>[lic</span> <span class='ocrx_word' id='word_1_237' title='bbox 722 1925 975 2017; x_wconf 90' lang='lat' dir='ltr'>puellasmiliturias</span> <span class='ocrx_word' id='word_1_238' title='bbox 994 1947 1035 2003; x_wconf 90' lang='lat' dir='ltr'>vel</span> <span class='ocrx_word' id='word_1_239' title='bbox 1053 1947 1113 2003; x_wconf 86' lang='lat' dir='ltr'>litas</span> <span class='ocrx_word' id='word_1_240' title='bbox 1132 1946 1192 2002; x_wconf 90' lang='lat' dir='ltr'>haec</span> <span class='ocrx_word' id='word_1_241' title='bbox 1209 1945 1258 2002; x_wconf 85' lang='lat' dir='ltr'>lex.</span> <span class='ocrx_word' id='word_1_242' title='bbox 1270 1946 1404 2003; x_wconf 79' lang='lat' dir='ltr'>medietate</span> <span class='ocrx_word' id='word_1_243' title='bbox 1423 1947 1551 2020; x_wconf 77' lang='lat' dir='ltr'>serveturl.</span> 
     </span>
    </p>
   </div>
   <div class='ocr_carea' id='block_1_3' title="bbox 534 2095 1275 2202">
    <p class='ocr_par' dir='ltr' id='par_1_3' title="bbox 534 2095 1275 2202">
     <span class='ocr_line' id='line_1_19' title="bbox 534 2095 1275 2202; baseline 0.005 -25"><span class='ocrx_word' id='word_1_244' title='bbox 534 2108 651 2178; x_wconf 87' lang='lat' dir='ltr'>LXXII.</span> <span class='ocrx_word' id='word_1_245' title='bbox 686 2111 731 2178; x_wconf 86' lang='lat' dir='ltr'>De</span> <span class='ocrx_word' id='word_1_246' title='bbox 753 2115 825 2178; x_wconf 91' lang='lat' dir='ltr'>viris</span> <span class='ocrx_word' id='word_1_247' title='bbox 849 2095 901 2202; x_wconf 70' lang='lat' dir='ltr'>qui</span> <span class='ocrx_word' id='word_1_248' title='bbox 924 2113 996 2180; x_wconf 89' lang='lat' dir='ltr'>alias</span> <span class='ocrx_word' id='word_1_249' title='bbox 1020 2113 1133 2180; x_wconf 90' lang='lat' dir='ltr'>ducunt</span> <span class='ocrx_word' id='word_1_250' title='bbox 1154 2135 1275 2180; x_wconf 83' lang='lat' dir='ltr'>uxores.</span> 
     </span>
    </p>
   </div>
   <div class='ocr_carea' id='block_1_4' title="bbox 243 2223 1585 2915">
    <p class='ocr_par' dir='ltr' id='par_1_4' title="bbox 243 2223 1585 2915">
     <span class='ocr_line' id='line_1_20' title="bbox 332 2223 1558 2318; baseline 0 -18"><span class='ocrx_word' id='word_1_251' title='bbox 332 2243 360 2300; x_wconf 87' lang='lat' dir='ltr'>Si</span> <span class='ocrx_word' id='word_1_252' title='bbox 384 2245 442 2316; x_wconf 91' lang='lat' dir='ltr'>quis</span> <span class='ocrx_word' id='word_1_253' title='bbox 462 2223 574 2302; x_wconf 76' lang='lat' dir='ltr'>,uxorem</span> <span class='ocrx_word' id='word_1_254' title='bbox 598 2245 711 2298; x_wconf 82' lang='lat' dir='ltr'>amiserit</span> <span class='ocrx_word' id='word_1_255' title='bbox 735 2252 760 2300; x_wconf 87' lang='lat' dir='ltr'>et</span> <span class='ocrx_word' id='word_1_256' title='bbox 777 2243 851 2300; x_wconf 81' lang='lat' dir='ltr'>aliam</span> <span class='ocrx_word' id='word_1_257' title='bbox 869 2245 961 2300; x_wconf 88' lang='lat' dir='ltr'>habere</span> <span class='ocrx_word' id='word_1_258' title='bbox 980 2243 1103 2312; x_wconf 87' lang='lat' dir='ltr'>voluerit,</span> <span class='ocrx_word' id='word_1_259' title='bbox 1128 2245 1214 2300; x_wconf 89' lang='lat' dir='ltr'>dotem</span> <span class='ocrx_word' id='word_1_260' title='bbox 1233 2261 1308 2318; x_wconf 89' lang='lat' dir='ltr'>quem</span> <span class='ocrx_word' id='word_1_261' title='bbox 1326 2246 1444 2318; x_wconf 90' lang='lat' dir='ltr'>primarie</span> <span class='ocrx_word' id='word_1_262' title='bbox 1460 2263 1558 2302; x_wconf 88' lang='lat' dir='ltr'>uxoren</span> 
     </span>
     <span class='ocr_line' id='line_1_21' title="bbox 244 2343 1579 2417; baseline 0 -17"><span class='ocrx_word' id='word_1_263' title='bbox 244 2345 313 2400; x_wconf 89' lang='lat' dir='ltr'>dedit</span> <span class='ocrx_word' id='word_1_264' title='bbox 332 2343 443 2400; x_wconf 87' lang='lat' dir='ltr'>secunda</span> <span class='ocrx_word' id='word_1_265' title='bbox 462 2345 484 2397; x_wconf 95' lang='lat' dir='ltr'>ci</span> <span class='ocrx_word' id='word_1_266' title='bbox 503 2343 597 2397; x_wconf 89' lang='lat' dir='ltr'>donare</span> <span class='ocrx_word' id='word_1_267' title='bbox 608 2351 667 2398; x_wconf 70' lang='lat' dir='ltr'>“non</span> <span class='ocrx_word' id='word_1_268' title='bbox 685 2343 753 2398; x_wconf 90' lang='lat' dir='ltr'>licet.</span> <span class='ocrx_word' id='word_1_269' title='bbox 781 2344 810 2400; x_wconf 88' lang='lat' dir='ltr'>Si</span> <span class='ocrx_word' id='word_1_270' title='bbox 828 2352 911 2398; x_wconf 91' lang='lat' dir='ltr'>tamen</span> <span class='ocrx_word' id='word_1_271' title='bbox 930 2343 1011 2399; x_wconf 84' lang='lat' dir='ltr'>adhuc</span> <span class='ocrx_word' id='word_1_272' title='bbox 1030 2343 1076 2398; x_wconf 86' lang='lat' dir='ltr'>filii</span> <span class='ocrx_word' id='word_1_273' title='bbox 1092 2343 1191 2416; x_wconf 82' lang='lat' dir='ltr'>parvoli</span> <span class='ocrx_word' id='word_1_274' title='bbox 1204 2352 1272 2410; x_wconf 90' lang='lat' dir='ltr'>sunt,</span> <span class='ocrx_word' id='word_1_275' title='bbox 1290 2363 1374 2416; x_wconf 89' lang='lat' dir='ltr'>usquc</span> <span class='ocrx_word' id='word_1_276' title='bbox 1387 2345 1420 2398; x_wconf 87' lang='lat' dir='ltr'>ad</span> <span class='ocrx_word' id='word_1_277' title='bbox 1430 2345 1579 2417; x_wconf 76' lang='lat' dir='ltr'>perfecturus</span> 
     </span>
     <span class='ocr_line' id='line_1_22' title="bbox 243 2441 1557 2500; baseline -0.002 0"><span class='ocrx_word' id='word_1_278' title='bbox 243 2454 349 2500; x_wconf 84' lang='lat' dir='ltr'>aetatem</span> <span class='ocrx_word' id='word_1_279' title='bbox 366 2462 407 2498; x_wconf 89' lang='lat' dir='ltr'>res</span> <span class='ocrx_word' id='word_1_280' title='bbox 426 2460 521 2498; x_wconf 85' lang='lat' dir='ltr'>uxores</span> <span class='ocrx_word' id='word_1_281' title='bbox 540 2443 679 2497; x_wconf 90' lang='lat' dir='ltr'>anteriores</span> <span class='ocrx_word' id='word_1_282' title='bbox 697 2441 739 2497; x_wconf 92' lang='lat' dir='ltr'>vel</span> <span class='ocrx_word' id='word_1_283' title='bbox 759 2441 827 2498; x_wconf 87' lang='lat' dir='ltr'>dotis</span> <span class='ocrx_word' id='word_1_284' title='bbox 847 2460 922 2497; x_wconf 90' lang='lat' dir='ltr'>causa</span> <span class='ocrx_word' id='word_1_285' title='bbox 939 2442 1014 2498; x_wconf 85' lang='lat' dir='ltr'>liceat</span> <span class='ocrx_word' id='word_1_286' title='bbox 1031 2443 1150 2498; x_wconf 88' lang='lat' dir='ltr'>iudicare.</span> <span class='ocrx_word' id='word_1_287' title='bbox 1171 2445 1207 2498; x_wconf 92' lang='lat' dir='ltr'>sic</span> <span class='ocrx_word' id='word_1_288' title='bbox 1220 2462 1281 2498; x_wconf 90' lang='lat' dir='ltr'>vcro</span> <span class='ocrx_word' id='word_1_289' title='bbox 1299 2443 1328 2498; x_wconf 92' lang='lat' dir='ltr'>de</span> <span class='ocrx_word' id='word_1_290' title='bbox 1342 2442 1387 2498; x_wconf 87' lang='lat' dir='ltr'>has</span> <span class='ocrx_word' id='word_1_291' title='bbox 1400 2462 1446 2500; x_wconf 89' lang='lat' dir='ltr'>nec</span> <span class='ocrx_word' id='word_1_292' title='bbox 1458 2443 1557 2499; x_wconf 87' lang='lat' dir='ltr'>vendere</span> 
     </span>
     <span class='ocr_line' id='line_1_23' title="bbox 243 2541 1555 2614; baseline -0.002 -16"><span class='ocrx_word' id='word_1_293' title='bbox 243 2563 288 2598; x_wconf 87' lang='lat' dir='ltr'>nec</span> <span class='ocrx_word' id='word_1_294' title='bbox 312 2543 405 2597; x_wconf 87' lang='lat' dir='ltr'>donare</span> <span class='ocrx_word' id='word_1_295' title='bbox 428 2550 607 2614; x_wconf 88' lang='lat' dir='ltr'>praesummat.</span> <span class='ocrx_word' id='word_1_296' title='bbox 645 2541 673 2596; x_wconf 84' lang='lat' dir='ltr'>Si</span> <span class='ocrx_word' id='word_1_297' title='bbox 692 2559 753 2596; x_wconf 92' lang='lat' dir='ltr'>vero</span> <span class='ocrx_word' id='word_1_298' title='bbox 779 2541 809 2595; x_wconf 92' lang='lat' dir='ltr'>dc</span> <span class='ocrx_word' id='word_1_299' title='bbox 833 2542 986 2596; x_wconf 86' lang='lat' dir='ltr'>anteriorem</span> <span class='ocrx_word' id='word_1_300' title='bbox 1006 2560 1113 2596; x_wconf 88' lang='lat' dir='ltr'>uxorem</span> <span class='ocrx_word' id='word_1_301' title='bbox 1136 2542 1205 2598; x_wconf 85' lang='lat' dir='ltr'>filios</span> <span class='ocrx_word' id='word_1_302' title='bbox 1227 2561 1280 2596; x_wconf 91' lang='lat' dir='ltr'>non</span> <span class='ocrx_word' id='word_1_303' title='bbox 1298 2543 1428 2608; x_wconf 88' lang='lat' dir='ltr'>habuerit,</span> <span class='ocrx_word' id='word_1_304' title='bbox 1451 2552 1555 2614; x_wconf 87' lang='lat' dir='ltr'>parentes</span> 
     </span>
     <span class='ocr_line' id='line_1_24' title="bbox 245 2633 1555 2714; baseline -0.001 -18"><span class='ocrx_word' id='word_1_305' title='bbox 245 2643 289 2714; x_wconf 94' lang='lat' dir='ltr'>qui</span> <span class='ocrx_word' id='word_1_306' title='bbox 311 2643 480 2714; x_wconf 79' lang='lat' dir='ltr'>proximiores</span> <span class='ocrx_word' id='word_1_307' title='bbox 504 2633 567 2695; x_wconf 67' lang='lat' dir='ltr'>&#39;sunt</span> <span class='ocrx_word' id='word_1_308' title='bbox 589 2639 704 2695; x_wconf 90' lang='lat' dir='ltr'>mulieris</span> <span class='ocrx_word' id='word_1_309' title='bbox 726 2639 843 2695; x_wconf 74' lang='lat' dir='ltr'>&#39;defuncti</span> <span class='ocrx_word' id='word_1_310' title='bbox 862 2641 925 2696; x_wconf 90' lang='lat' dir='ltr'>duas</span> <span class='ocrx_word' id='word_1_311' title='bbox 943 2650 1027 2714; x_wconf 84' lang='lat' dir='ltr'>partes</span> <span class='ocrx_word' id='word_1_312' title='bbox 1048 2641 1116 2696; x_wconf 87' lang='lat' dir='ltr'>dotis</span> <span class='ocrx_word' id='word_1_313' title='bbox 1134 2640 1275 2714; x_wconf 85' lang='lat' dir='ltr'>recoligant</span> <span class='ocrx_word' id='word_1_314' title='bbox 1293 2649 1318 2695; x_wconf 86' lang='lat' dir='ltr'>et</span> <span class='ocrx_word' id='word_1_315' title='bbox 1337 2641 1387 2694; x_wconf 88' lang='lat' dir='ltr'>dua</span> <span class='ocrx_word' id='word_1_316' title='bbox 1403 2640 1504 2696; x_wconf 88' lang='lat' dir='ltr'>lectaria</span> <span class='ocrx_word' id='word_1_317' title='bbox 1520 2642 1555 2695; x_wconf 89' lang='lat' dir='ltr'>de·</span> 
     </span>
     <span class='ocr_line' id='line_1_25' title="bbox 244 2727 1554 2812; baseline -0.002 -16"><span class='ocrx_word' id='word_1_318' title='bbox 244 2745 358 2808; x_wconf 88' lang='lat' dir='ltr'>mittant,</span> <span class='ocrx_word' id='word_1_319' title='bbox 377 2741 427 2795; x_wconf 92' lang='lat' dir='ltr'>dua</span> <span class='ocrx_word' id='word_1_320' title='bbox 446 2727 680 2812; x_wconf 42' lang='lat' dir='ltr'>scamna&#39;coperta,</span> <span class='ocrx_word' id='word_1_321' title='bbox 700 2739 751 2794; x_wconf 90' lang='lat' dir='ltr'>duo</span> <span class='ocrx_word' id='word_1_322' title='bbox 771 2739 910 2795; x_wconf 80' lang='lat' dir='ltr'>cathedrae.</span> <span class='ocrx_word' id='word_1_323' title='bbox 943 2740 1018 2807; x_wconf 82' lang='lat' dir='ltr'>Quod</span> <span class='ocrx_word' id='word_1_324' title='bbox 1037 2743 1059 2795; x_wconf 88' lang='lat' dir='ltr'>si</span> <span class='ocrx_word' id='word_1_325' title='bbox 1077 2741 1148 2796; x_wconf 92' lang='lat' dir='ltr'>istud</span> <span class='ocrx_word' id='word_1_326' title='bbox 1166 2759 1218 2794; x_wconf 89' lang='lat' dir='ltr'>non</span> <span class='ocrx_word' id='word_1_327' title='bbox 1236 2739 1352 2808; x_wconf 85' lang='lat' dir='ltr'>feceriut,</span> <span class='ocrx_word' id='word_1_328' title='bbox 1372 2742 1446 2796; x_wconf 84' lang='lat' dir='ltr'>tertia</span> <span class='ocrx_word' id='word_1_329' title='bbox 1463 2741 1515 2796; x_wconf 90' lang='lat' dir='ltr'>sola</span> <span class='ocrx_word' id='word_1_330' title='bbox 1530 2740 1554 2794; x_wconf 91' lang='lat' dir='ltr'>dc</span> 
     </span>
     <span class='ocr_line' id='line_1_26' title="bbox 245 2838 1585 2915; baseline -0.001 -20"><span class='ocrx_word' id='word_1_331' title='bbox 245 2841 304 2898; x_wconf 86' lang='lat' dir='ltr'>dote</span> <span class='ocrx_word' id='word_1_332' title='bbox 322 2841 475 2915; x_wconf 82' lang='lat' dir='ltr'>recoligant,</span> <span class='ocrx_word' id='word_1_333' title='bbox 494 2848 578 2895; x_wconf 86' lang='lat' dir='ltr'>tamen</span> <span class='ocrx_word' id='word_1_334' title='bbox 597 2841 619 2895; x_wconf 89' lang='lat' dir='ltr'>si</span> <span class='ocrx_word' id='word_1_335' title='bbox 637 2857 682 2912; x_wconf 90' lang='lat' dir='ltr'>per</span> <span class='ocrx_word' id='word_1_336' title='bbox 700 2838 836 2895; x_wconf 85' lang='lat' dir='ltr'>adfatimus</span> <span class='ocrx_word' id='word_1_337' title='bbox 856 2847 929 2896; x_wconf 86' lang='lat' dir='ltr'>antea</span> <span class='ocrx_word' id='word_1_338' title='bbox 945 2859 998 2896; x_wconf 88' lang='lat' dir='ltr'>non</span> <span class='ocrx_word' id='word_1_339' title='bbox 1017 2839 1185 2896; x_wconf 88' lang='lat' dir='ltr'>cromavcrint</span> <span class='ocrx_word' id='word_1_340' title='bbox 1195 2845 1211 2894; x_wconf 89' lang='lat'>¹.</span> <span class='ocrx_word' id='word_1_341' title='bbox 1385 2876 1389 2882; x_wconf 62' lang='grc'><strong>»</strong></span> <span class='ocrx_word' id='word_1_342' title='bbox 1463 2874 1465 2882; x_wconf 44' lang='lat'><em>1</em></span> <span class='ocrx_word' id='word_1_343' title='bbox 1537 2865 1539 2870; x_wconf 95' lang='lat'>·</span> <span class='ocrx_word' id='word_1_344' title='bbox 1566 2853 1585 2894; x_wconf 81' lang='lat' dir='ltr'>nt</span> 
     </span>
    </p>
   </div>
   <div class='ocr_carea' id='block_1_5' title="bbox 483 3006 1324 3074">
    <p class='ocr_par' dir='ltr' id='par_1_5' title="bbox 483 3006 1324 3074">
     <span class='ocr_line' id='line_1_27' title="bbox 483 3006 1324 3074; baseline 0.002 -2"><span class='ocrx_word' id='word_1_345' title='bbox 483 3006 624 3073; x_wconf 83' lang='lat' dir='ltr'>LXXHL-</span> <span class='ocrx_word' id='word_1_346' title='bbox 645 3006 691 3073; x_wconf 89' lang='lat' dir='ltr'>Do</span> <span class='ocrx_word' id='word_1_347' title='bbox 712 3007 861 3073; x_wconf 90' lang='lat' dir='ltr'>hominem</span> <span class='ocrx_word' id='word_1_348' title='bbox 883 3009 960 3074; x_wconf 87' lang='lat' dir='ltr'>inter</span> <span class='ocrx_word' id='word_1_349' title='bbox 983 3006 1056 3073; x_wconf 85' lang='lat' dir='ltr'>duas</span> <span class='ocrx_word' id='word_1_350' title='bbox 1079 3008 1162 3074; x_wconf 91' lang='lat' dir='ltr'>villas</span> <span class='ocrx_word' id='word_1_351' title='bbox 1186 3008 1324 3074; x_wconf 85' lang='lat' dir='ltr'>occisum.</span> 
     </span>
    </p>
   </div>
   <div class='ocr_carea' id='block_1_6' title="bbox 217 3111 1583 4104">
    <p class='ocr_par' dir='ltr' id='par_1_6' title="bbox 217 3111 1583 4104">
     <span class='ocr_line' id='line_1_28' title="bbox 333 3111 1554 3211; baseline -0.002 -17"><span class='ocrx_word' id='word_1_352' title='bbox 333 3137 405 3194; x_wconf 86' lang='lat' dir='ltr'>Sicut</span> <span class='ocrx_word' id='word_1_353' title='bbox 424 3137 536 3205; x_wconf 87' lang='lat' dir='ltr'>adsolet,</span> <span class='ocrx_word' id='word_1_354' title='bbox 555 3139 632 3193; x_wconf 92' lang='lat' dir='ltr'>homo</span> <span class='ocrx_word' id='word_1_355' title='bbox 651 3139 722 3192; x_wconf 85' lang='lat' dir='ltr'>iuxta</span> <span class='ocrx_word' id='word_1_356' title='bbox 741 3139 826 3194; x_wconf 88' lang='lat' dir='ltr'>strada</span> <span class='ocrx_word' id='word_1_357' title='bbox 845 3147 888 3193; x_wconf 90' lang='lat' dir='ltr'>aut</span> <span class='ocrx_word' id='word_1_358' title='bbox 905 3141 971 3194; x_wconf 84' lang='lat' dir='ltr'>inter</span> <span class='ocrx_word' id='word_1_359' title='bbox 990 3138 1053 3193; x_wconf 87' lang='lat' dir='ltr'>duas</span> <span class='ocrx_word' id='word_1_360' title='bbox 1071 3137 1146 3194; x_wconf 90' lang='lat' dir='ltr'>villas</span> <span class='ocrx_word' id='word_1_361' title='bbox 1164 3141 1294 3211; x_wconf 85' lang='lat' dir='ltr'>proximas</span> <span class='ocrx_word' id='word_1_362' title='bbox 1313 3138 1363 3193; x_wconf 89' lang='lat' dir='ltr'>sibi</span> <span class='ocrx_word' id='word_1_363' title='bbox 1376 3111 1471 3194; x_wconf 76' lang='lat' dir='ltr'>hicinas</span> <span class='ocrx_word' id='word_1_364' title='bbox 1486 3140 1554 3194; x_wconf 78' lang='lat' dir='ltr'>fuerit</span> 
     </span>
     <span class='ocr_line' id='line_1_29' title="bbox 243 3237 1552 3313; baseline -0.005 -17"><span class='ocrx_word' id='word_1_365' title='bbox 243 3241 391 3296; x_wconf 81' lang='lat' dir='ltr'>interfectus</span> <span class='ocrx_word' id='word_1_366' title='bbox 415 3247 445 3293; x_wconf 85' lang='lat' dir='ltr'>ut·</span> <span class='ocrx_word' id='word_1_367' title='bbox 465 3238 591 3292; x_wconf 84' lang='lat' dir='ltr'>homicida</span> <span class='ocrx_word' id='word_1_368' title='bbox 613 3237 658 3292; x_wconf 86' lang='lat' dir='ltr'>illa</span> <span class='ocrx_word' id='word_1_369' title='bbox 681 3255 734 3291; x_wconf 92' lang='lat' dir='ltr'>non</span> <span class='ocrx_word' id='word_1_370' title='bbox 757 3247 886 3310; x_wconf 89' lang='lat' dir='ltr'>appareat,</span> <span class='ocrx_word' id='word_1_371' title='bbox 910 3240 946 3293; x_wconf 93' lang='lat' dir='ltr'>sic</span> <span class='ocrx_word' id='word_1_372' title='bbox 966 3237 1040 3292; x_wconf 87' lang='lat' dir='ltr'>debet</span> <span class='ocrx_word' id='word_1_373' title='bbox 1056 3237 1135 3292; x_wconf 83' lang='lat' dir='ltr'>iudex</span> <span class='ocrx_word' id='word_1_374' title='bbox 1153 3238 1200 3292; x_wconf 93' lang='lat' dir='ltr'>hoc</span> <span class='ocrx_word' id='word_1_375' title='bbox 1220 3247 1259 3292; x_wconf 90' lang='lat' dir='ltr'>cst</span> <span class='ocrx_word' id='word_1_376' title='bbox 1277 3240 1356 3292; x_wconf 89' lang='lat' dir='ltr'>comis</span> <span class='ocrx_word' id='word_1_377' title='bbox 1376 3247 1420 3292; x_wconf 87' lang='lat' dir='ltr'>aut</span> <span class='ocrx_word' id='word_1_378' title='bbox 1438 3240 1510 3313; x_wconf 86' lang='lat' dir='ltr'>grafio</span> <span class='ocrx_word' id='word_1_379' title='bbox 1525 3239 1552 3292; x_wconf 91' lang='lat' dir='ltr'>ad</span> 
     </span>
     <span class='ocr_line' id='line_1_30' title="bbox 243 3337 1552 3410; baseline -0.005 -15"><span class='ocrx_word' id='word_1_380' title='bbox 243 3341 328 3395; x_wconf 95' lang='lat' dir='ltr'>locum</span> <span class='ocrx_word' id='word_1_381' title='bbox 353 3337 469 3392; x_wconf 88' lang='lat' dir='ltr'>accedere</span> <span class='ocrx_word' id='word_1_382' title='bbox 494 3346 520 3392; x_wconf 91' lang='lat' dir='ltr'>et</span> <span class='ocrx_word' id='word_1_383' title='bbox 541 3337 577 3390; x_wconf 92' lang='lat' dir='ltr'>ibi</span> <span class='ocrx_word' id='word_1_384' title='bbox 601 3354 680 3391; x_wconf 86' lang='lat' dir='ltr'>cornu</span> <span class='ocrx_word' id='word_1_385' title='bbox 705 3355 795 3392; x_wconf 87' lang='lat' dir='ltr'>sonare</span> <span class='ocrx_word' id='word_1_386' title='bbox 820 3337 901 3392; x_wconf 86' lang='lat' dir='ltr'>debet.</span> <span class='ocrx_word' id='word_1_387' title='bbox 938 3337 972 3390; x_wconf 84' lang='lat' dir='ltr'>Et</span> <span class='ocrx_word' id='word_1_388' title='bbox 993 3338 1015 3390; x_wconf 87' lang='lat' dir='ltr'>si</span> <span class='ocrx_word' id='word_1_389' title='bbox 1035 3337 1137 3406; x_wconf 89' lang='lat' dir='ltr'>[vinerit</span> <span class='ocrx_word' id='word_1_390' title='bbox 1156 3339 1200 3408; x_wconf 89' lang='lat' dir='ltr'>qui</span> <span class='ocrx_word' id='word_1_391' title='bbox 1219 3355 1311 3409; x_wconf 86' lang='lat' dir='ltr'>corpus</span> <span class='ocrx_word' id='word_1_392' title='bbox 1330 3341 1464 3410; x_wconf 82' lang='lat' dir='ltr'>cognuscit</span> <span class='ocrx_word' id='word_1_393' title='bbox 1480 3339 1552 3401; x_wconf 89' lang='lat' dir='ltr'>occisi,</span> 
     </span>
     <span class='ocr_line' id='line_1_31' title="bbox 244 3435 1583 3511; baseline -0.002 -18"><span class='ocrx_word' id='word_1_394' title='bbox 244 3441 281 3494; x_wconf 83' lang='lat' dir='ltr'>sic</span> <span class='ocrx_word' id='word_1_395' title='bbox 299 3437 447 3511; x_wconf 90' lang='lat' dir='ltr'>parentibus</span> <span class='ocrx_word' id='word_1_396' title='bbox 466 3438 492 3490; x_wconf 90' lang='lat' dir='ltr'>in</span> <span class='ocrx_word' id='word_1_397' title='bbox 510 3437 603 3490; x_wconf 85' lang='lat' dir='ltr'>noticia</span> <span class='ocrx_word' id='word_1_398' title='bbox 621 3443 739 3507; x_wconf 87' lang='lat' dir='ltr'>ponatur.</span> <span class='ocrx_word' id='word_1_399' title='bbox 764 3438 786 3490; x_wconf 91' lang='lat' dir='ltr'>si</span> <span class='ocrx_word' id='word_1_400' title='bbox 807 3435 877 3506; x_wconf 90' lang='lat' dir='ltr'>vero]</span> <span class='ocrx_word' id='word_1_401' title='bbox 897 3453 950 3490; x_wconf 92' lang='lat' dir='ltr'>non</span> <span class='ocrx_word' id='word_1_402' title='bbox 968 3438 1066 3491; x_wconf 88' lang='lat' dir='ltr'>venerit</span> <span class='ocrx_word' id='word_1_403' title='bbox 1084 3437 1129 3508; x_wconf 89' lang='lat' dir='ltr'>qui</span> <span class='ocrx_word' id='word_1_404' title='bbox 1147 3453 1238 3509; x_wconf 87' lang='lat' dir='ltr'>corpus</span> <span class='ocrx_word' id='word_1_405' title='bbox 1254 3446 1399 3510; x_wconf 82' lang='lat' dir='ltr'>cognoscat,</span> <span class='ocrx_word' id='word_1_406' title='bbox 1417 3437 1551 3492; x_wconf 89' lang='lat' dir='ltr'>tuncvicini</span> <span class='ocrx_word' id='word_1_407' title='bbox 1564 3453 1583 3493; x_wconf 84' lang='lat' dir='ltr'>at</span> 
     </span>
     <span class='ocr_line' id='line_1_32' title="bbox 220 3523 1552 3616; baseline -0.002 -25"><span class='ocrx_word' id='word_1_408' title='bbox 220 3537 223 3542; x_wconf 83' lang='grc'><strong>’</strong></span> <span class='ocrx_word' id='word_1_409' title='bbox 244 3523 326 3591; x_wconf 88' lang='lat' dir='ltr'>illiin</span> <span class='ocrx_word' id='word_1_410' title='bbox 346 3553 456 3609; x_wconf 88' lang='lat' dir='ltr'>quorum</span> <span class='ocrx_word' id='word_1_411' title='bbox 476 3553 561 3606; x_wconf 91' lang='lat' dir='ltr'>campo</span> <span class='ocrx_word' id='word_1_412' title='bbox 580 3534 621 3589; x_wconf 91' lang='lat' dir='ltr'>vel</span> <span class='ocrx_word' id='word_1_413' title='bbox 641 3536 735 3590; x_wconf 83' lang='lat' dir='ltr'>exitum</span> <span class='ocrx_word' id='word_1_414' title='bbox 755 3554 848 3616; x_wconf 70' lang='lat' dir='ltr'>corpus</span> <span class='ocrx_word' id='word_1_415' title='bbox 865 3537 997 3605; x_wconf 88' lang='lat' dir='ltr'>inventum</span> <span class='ocrx_word' id='word_1_416' title='bbox 1016 3543 1063 3601; x_wconf 84' lang='lat' dir='ltr'>eat,</span> <span class='ocrx_word' id='word_1_417' title='bbox 1084 3533 1176 3589; x_wconf 89' lang='lat' dir='ltr'>debent</span> <span class='ocrx_word' id='word_1_418' title='bbox 1192 3534 1274 3590; x_wconf 90' lang='lat' dir='ltr'>facere</span> <span class='ocrx_word' id='word_1_419' title='bbox 1291 3536 1369 3608; x_wconf 84' lang='lat' dir='ltr'>bargo</span> <span class='ocrx_word' id='word_1_420' title='bbox 1383 3537 1475 3607; x_wconf 87' lang='lat' dir='ltr'>quinos</span> <span class='ocrx_word' id='word_1_421' title='bbox 1486 3535 1552 3608; x_wconf 87' lang='lat' dir='ltr'>pedes</span> 
     </span>
     <span class='ocr_line' id='line_1_33' title="bbox 244 3633 1551 3706; baseline -0.003 -16"><span class='ocrx_word' id='word_1_422' title='bbox 244 3638 271 3690; x_wconf 94' lang='lat' dir='ltr'>in</span> <span class='ocrx_word' id='word_1_423' title='bbox 288 3636 367 3690; x_wconf 91' lang='lat' dir='ltr'>altum</span> <span class='ocrx_word' id='word_1_424' title='bbox 386 3637 455 3690; x_wconf 90' lang='lat' dir='ltr'>etin</span> <span class='ocrx_word' id='word_1_425' title='bbox 474 3635 618 3706; x_wconf 82' lang='lat' dir='ltr'>praesencia</span> <span class='ocrx_word' id='word_1_426' title='bbox 636 3633 728 3689; x_wconf 92' lang='lat' dir='ltr'>iudicis</span> <span class='ocrx_word' id='word_1_427' title='bbox 748 3634 803 3705; x_wconf 86' lang='lat' dir='ltr'>[ibi]</span> <span class='ocrx_word' id='word_1_428' title='bbox 822 3635 907 3690; x_wconf 88' lang='lat' dir='ltr'>levare</span> <span class='ocrx_word' id='word_1_429' title='bbox 927 3652 1027 3706; x_wconf 90' lang='lat' dir='ltr'>corpus.</span> <span class='ocrx_word' id='word_1_430' title='bbox 1057 3634 1091 3688; x_wconf 88' lang='lat' dir='ltr'>Et</span> <span class='ocrx_word' id='word_1_431' title='bbox 1110 3634 1184 3688; x_wconf 89' lang='lat' dir='ltr'>dehet</span> <span class='ocrx_word' id='word_1_432' title='bbox 1201 3633 1280 3688; x_wconf 81' lang='lat' dir='ltr'>iudex</span> <span class='ocrx_word' id='word_1_433' title='bbox 1297 3637 1418 3704; x_wconf 78' lang='lat' dir='ltr'>nunciare</span> <span class='ocrx_word' id='word_1_434' title='bbox 1433 3643 1458 3689; x_wconf 91' lang='lat' dir='ltr'>et</span> <span class='ocrx_word' id='word_1_435' title='bbox 1469 3635 1551 3688; x_wconf 90' lang='lat' dir='ltr'>dicere:</span> 
     </span>
     <span class='ocr_line' id='line_1_34' title="bbox 244 3733 1551 3806; baseline -0.001 -21"><span class='ocrx_word' id='word_1_436' title='bbox 244 3735 338 3790; x_wconf 75' lang='lat' dir='ltr'>»homo</span> <span class='ocrx_word' id='word_1_437' title='bbox 362 3737 411 3790; x_wconf 90' lang='lat' dir='ltr'>iste</span> <span class='ocrx_word' id='word_1_438' title='bbox 434 3736 461 3787; x_wconf 92' lang='lat' dir='ltr'>in</span> <span class='ocrx_word' id='word_1_439' title='bbox 479 3741 565 3788; x_wconf 90' lang='lat' dir='ltr'>vestro</span> <span class='ocrx_word' id='word_1_440' title='bbox 589 3751 650 3806; x_wconf 83' lang='lat' dir='ltr'>agro</span> <span class='ocrx_word' id='word_1_441' title='bbox 669 3733 710 3788; x_wconf 89' lang='lat' dir='ltr'>vel</span> <span class='ocrx_word' id='word_1_442' title='bbox 734 3733 905 3788; x_wconf 88' lang='lat' dir='ltr'>investibulo</span> <span class='ocrx_word' id='word_1_443' title='bbox 931 3741 970 3788; x_wconf 91' lang='lat' dir='ltr'>est</span> <span class='ocrx_word' id='word_1_444' title='bbox 989 3734 1096 3787; x_wconf 89' lang='lat' dir='ltr'>occisus.</span> <span class='ocrx_word' id='word_1_445' title='bbox 1129 3741 1259 3788; x_wconf 89' lang='lat' dir='ltr'>contestor</span> <span class='ocrx_word' id='word_1_446' title='bbox 1276 3742 1306 3788; x_wconf 92' lang='lat' dir='ltr'>ut</span> <span class='ocrx_word' id='word_1_447' title='bbox 1323 3751 1408 3804; x_wconf 90' lang='lat' dir='ltr'>usque</span> <span class='ocrx_word' id='word_1_448' title='bbox 1425 3737 1452 3788; x_wconf 91' lang='lat' dir='ltr'>iu</span> <span class='ocrx_word' id='word_1_449' title='bbox 1469 3741 1551 3805; x_wconf 87' lang='lat' dir='ltr'>septem</span> 
     </span>
     <span class='ocr_line' id='line_1_35' title="bbox 244 3831 1551 3912; baseline -0.003 -24"><span class='ocrx_word' id='word_1_450' title='bbox 244 3841 332 3888; x_wconf 89' lang='lat' dir='ltr'>noctes</span> <span class='ocrx_word' id='word_1_451' title='bbox 352 3853 410 3912; x_wconf 86' lang='lat' dir='ltr'>non</span> <span class='ocrx_word' id='word_1_452' title='bbox 421 3840 567 3905; x_wconf 86' lang='lat' dir='ltr'>reponatur.</span> <span class='ocrx_word' id='word_1_453' title='bbox 593 3841 618 3886; x_wconf 88' lang='lat' dir='ltr'>et</span> <span class='ocrx_word' id='word_1_454' title='bbox 636 3832 667 3887; x_wconf 90' lang='lat' dir='ltr'>de</span> <span class='ocrx_word' id='word_1_455' title='bbox 685 3831 850 3888; x_wconf 87' lang='lat' dir='ltr'>homicidium</span> <span class='ocrx_word' id='word_1_456' title='bbox 866 3834 946 3911; x_wconf 82' lang='lat' dir='ltr'>istum</span> <span class='ocrx_word' id='word_1_457' title='bbox 964 3849 1012 3887; x_wconf 89' lang='lat' dir='ltr'>vos</span> <span class='ocrx_word' id='word_1_458' title='bbox 1032 3831 1140 3886; x_wconf 88' lang='lat' dir='ltr'>admallo</span> <span class='ocrx_word' id='word_1_459' title='bbox 1158 3841 1188 3886; x_wconf 92' lang='lat' dir='ltr'>ut</span> <span class='ocrx_word' id='word_1_460' title='bbox 1200 3834 1226 3886; x_wconf 92' lang='lat' dir='ltr'>in</span> <span class='ocrx_word' id='word_1_461' title='bbox 1238 3832 1314 3886; x_wconf 88' lang='lat' dir='ltr'>mallo</span> <span class='ocrx_word' id='word_1_462' title='bbox 1328 3835 1445 3904; x_wconf 89' lang='lat' dir='ltr'>proximo</span> <span class='ocrx_word' id='word_1_463' title='bbox 1458 3833 1551 3888; x_wconf 83' lang='lat' dir='ltr'>veniatis</span> 
     </span>
     <span class='ocr_line' id='line_1_36' title="bbox 217 3913 1575 4016; baseline -0.004 -30"><span class='ocrx_word' id='word_1_464' title='bbox 217 3965 218 3970; x_wconf 24' lang='grc' dir='ltr'><strong>κ</strong></span> <span class='ocrx_word' id='word_1_465' title='bbox 245 3943 270 4016; x_wconf 75' lang='lat' dir='ltr'>et</span> <span class='ocrx_word' id='word_1_466' title='bbox 288 3933 361 3987; x_wconf 87' lang='lat' dir='ltr'>vobis</span> <span class='ocrx_word' id='word_1_467' title='bbox 385 3932 415 3988; x_wconf 89' lang='lat' dir='ltr'>dc</span> <span class='ocrx_word' id='word_1_468' title='bbox 434 3932 489 4004; x_wconf 85' lang='lat' dir='ltr'>lege</span> <span class='ocrx_word' id='word_1_469' title='bbox 509 3931 607 3986; x_wconf 88' lang='lat' dir='ltr'>dicatur</span> <span class='ocrx_word' id='word_1_470' title='bbox 626 3931 696 4002; x_wconf 87' lang='lat' dir='ltr'>quod</span> <span class='ocrx_word' id='word_1_471' title='bbox 715 3931 850 3986; x_wconf 86' lang='lat' dir='ltr'>ohservare</span> <span class='ocrx_word' id='word_1_472' title='bbox 869 3931 1007 3986; x_wconf 79' lang='lat' dir='ltr'>debeatis·</span> <span class='ocrx_word' id='word_1_473' title='bbox 1044 3931 1118 3986; x_wconf 86' lang='lat' dir='ltr'>Tunc</span> <span class='ocrx_word' id='word_1_474' title='bbox 1136 3913 1213 3986; x_wconf 89' lang='lat' dir='ltr'>vicini</span> <span class='ocrx_word' id='word_1_475' title='bbox 1230 3931 1269 3985; x_wconf 92' lang='lat' dir='ltr'>iili</span> <span class='ocrx_word' id='word_1_476' title='bbox 1289 3931 1382 4002; x_wconf 89' lang='lat' dir='ltr'>quihus</span> <span class='ocrx_word' id='word_1_477' title='bbox 1401 3935 1575 3986; x_wconf 74' lang='lat' dir='ltr'>nunciaturus</span> 
     </span>
     <span class='ocr_line' id='line_1_37' title="bbox 244 4029 1549 4104; baseline -0.003 -18"><span class='ocrx_word' id='word_1_478' title='bbox 244 4031 327 4086; x_wconf 90' lang='lat' dir='ltr'>iudice</span> <span class='ocrx_word' id='word_1_479' title='bbox 346 4039 403 4086; x_wconf 87' lang='lat' dir='ltr'>ante</span> <span class='ocrx_word' id='word_1_480' title='bbox 420 4030 455 4085; x_wconf 75' lang='lat'>40</span> <span class='ocrx_word' id='word_1_481' title='bbox 471 4039 559 4086; x_wconf 88' lang='lat' dir='ltr'>noctes</span> <span class='ocrx_word' id='word_1_482' title='bbox 579 4031 622 4102; x_wconf 91' lang='lat' dir='ltr'>qui</span> <span class='ocrx_word' id='word_1_483' title='bbox 641 4029 760 4085; x_wconf 90' lang='lat' dir='ltr'>meliores</span> <span class='ocrx_word' id='word_1_484' title='bbox 779 4037 839 4084; x_wconf 89' lang='lat' dir='ltr'>sunt</span> <span class='ocrx_word' id='word_1_485' title='bbox 858 4048 914 4085; x_wconf 90' lang='lat' dir='ltr'>cum</span> <span class='ocrx_word' id='word_1_486' title='bbox 933 4048 1073 4104; x_wconf 80' lang='lat' dir='ltr'>sexagenos</span> <span class='ocrx_word' id='word_1_487' title='bbox 1088 4033 1181 4103; x_wconf 91' lang='lat' dir='ltr'>quinos</span> <span class='ocrx_word' id='word_1_488' title='bbox 1195 4029 1335 4100; x_wconf 87' lang='lat' dir='ltr'>[iuratoris]</span> <span class='ocrx_word' id='word_1_489' title='bbox 1350 4049 1377 4085; x_wconf 88' lang='lat' dir='ltr'>se</span> <span class='ocrx_word' id='word_1_490' title='bbox 1391 4041 1481 4086; x_wconf 87' lang='lat' dir='ltr'>exuent</span> <span class='ocrx_word' id='word_1_491' title='bbox 1492 4029 1549 4102; x_wconf 85' lang='lat' dir='ltr'>quod</span> 
     </span>
    </p>
   </div>
   <div class='ocr_carea' id='block_1_7' title="bbox 155 4129 1549 4207">
    <p class='ocr_par' dir='ltr' id='par_1_7' title="bbox 155 4129 1549 4207">
     <span class='ocr_line' id='line_1_38' title="bbox 155 4129 1549 4207; baseline -0.003 -22"><span class='ocrx_word' id='word_1_492' title='bbox 155 4199 157 4204; x_wconf 19' lang='grc' dir='ltr'><strong><em>Δ</em></strong></span> <span class='ocrx_word' id='word_1_493' title='bbox 245 4148 290 4185; x_wconf 91' lang='lat' dir='ltr'>nec</span> <span class='ocrx_word' id='word_1_494' title='bbox 309 4129 461 4184; x_wconf 90' lang='lat' dir='ltr'>occidissent</span> <span class='ocrx_word' id='word_1_495' title='bbox 478 4148 524 4186; x_wconf 90' lang='lat' dir='ltr'>nec</span> <span class='ocrx_word' id='word_1_496' title='bbox 543 4133 623 4186; x_wconf 91' lang='lat' dir='ltr'>sciant</span> <span class='ocrx_word' id='word_1_497' title='bbox 642 4133 686 4202; x_wconf 93' lang='lat' dir='ltr'>qui</span> <span class='ocrx_word' id='word_1_498' title='bbox 705 4129 864 4184; x_wconf 87' lang='lat' dir='ltr'>occidissent.</span> <span class='ocrx_word' id='word_1_499' title='bbox 882 4130 1020 4184; x_wconf 89' lang='lat' dir='ltr'>minoilidis</span> <span class='ocrx_word' id='word_1_500' title='bbox 1039 4149 1100 4185; x_wconf 90' lang='lat' dir='ltr'>vcro</span> <span class='ocrx_word' id='word_1_501' title='bbox 1117 4129 1216 4207; x_wconf 81' lang='lat' dir='ltr'>[vicini]</span> <span class='ocrx_word' id='word_1_502' title='bbox 1236 4132 1328 4204; x_wconf 90' lang='lat' dir='ltr'>quinos</span> <span class='ocrx_word' id='word_1_503' title='bbox 1348 4130 1428 4186; x_wconf 90' lang='lat' dir='ltr'>denos</span> <span class='ocrx_word' id='word_1_504' title='bbox 1440 4133 1549 4184; x_wconf 89' lang='lat' dir='ltr'>iuratores</span> 
     </span>
    </p>
   </div>
   <div class='ocr_carea' id='block_1_8' title="bbox 245 4228 1580 4504">
    <p class='ocr_par' dir='ltr' id='par_1_8' title="bbox 245 4228 1580 4504">
     <span class='ocr_line' id='line_1_39' title="bbox 247 4228 1548 4302; baseline -0.003 -19"><span class='ocrx_word' id='word_1_505' title='bbox 247 4229 342 4284; x_wconf 87' lang='lat' dir='ltr'>donent</span> <span class='ocrx_word' id='word_1_506' title='bbox 361 4228 482 4302; x_wconf 68' lang='lat' dir='ltr'>[singuli]r</span> <span class='ocrx_word' id='word_1_507' title='bbox 497 4231 541 4300; x_wconf 89' lang='lat' dir='ltr'>qui</span> <span class='ocrx_word' id='word_1_508' title='bbox 557 4238 588 4284; x_wconf 89' lang='lat' dir='ltr'>ut</span> <span class='ocrx_word' id='word_1_509' title='bbox 606 4232 724 4302; x_wconf 89' lang='lat' dir='ltr'>superius</span> <span class='ocrx_word' id='word_1_510' title='bbox 743 4229 853 4284; x_wconf 83' lang='lat' dir='ltr'>diximus</span> <span class='ocrx_word' id='word_1_511' title='bbox 868 4230 936 4286; x_wconf 88' lang='lat' dir='ltr'>idest</span> <span class='ocrx_word' id='word_1_512' title='bbox 948 4233 994 4302; x_wconf 89' lang='lat' dir='ltr'>qui</span> <span class='ocrx_word' id='word_1_513' title='bbox 1004 4232 1096 4285; x_wconf 88' lang='lat' dir='ltr'>iurant.</span> <span class='ocrx_word' id='word_1_514' title='bbox 1125 4230 1153 4284; x_wconf 85' lang='lat' dir='ltr'>Si</span> <span class='ocrx_word' id='word_1_515' title='bbox 1165 4229 1235 4284; x_wconf 87' lang='lat' dir='ltr'>istud</span> <span class='ocrx_word' id='word_1_516' title='bbox 1248 4231 1284 4283; x_wconf 91' lang='lat' dir='ltr'>sic</span> <span class='ocrx_word' id='word_1_517' title='bbox 1297 4238 1354 4288; x_wconf 86' lang='lat' dir='ltr'>ante</span> <span class='ocrx_word' id='word_1_518' title='bbox 1366 4228 1402 4284; x_wconf 77' lang='lat'>40</span> <span class='ocrx_word' id='word_1_519' title='bbox 1413 4238 1495 4285; x_wconf 88' lang='lat' dir='ltr'>noctes</span> <span class='ocrx_word' id='word_1_520' title='bbox 1506 4245 1548 4281; x_wconf 92' lang='lat' dir='ltr'>non</span> 
     </span>
     <span class='ocr_line' id='line_1_40' title="bbox 245 4328 1548 4403; baseline -0.003 -21"><span class='ocrx_word' id='word_1_521' title='bbox 245 4329 363 4395; x_wconf 85' lang='lat' dir='ltr'>fecerint,</span> <span class='ocrx_word' id='word_1_522' title='bbox 387 4329 505 4383; x_wconf 90' lang='lat' dir='ltr'>noverint</span> <span class='ocrx_word' id='word_1_523' title='bbox 528 4347 556 4383; x_wconf 88' lang='lat' dir='ltr'>sc</span> <span class='ocrx_word' id='word_1_524' title='bbox 581 4329 610 4384; x_wconf 90' lang='lat' dir='ltr'>dc</span> <span class='ocrx_word' id='word_1_525' title='bbox 633 4347 742 4401; x_wconf 86' lang='lat' dir='ltr'>persona</span> <span class='ocrx_word' id='word_1_526' title='bbox 765 4331 860 4398; x_wconf 75' lang='lat' dir='ltr'>mortui</span> <span class='ocrx_word' id='word_1_527' title='bbox 879 4330 1028 4402; x_wconf 92' lang='lat' dir='ltr'>[requirenti</span> <span class='ocrx_word' id='word_1_528' title='bbox 1046 4328 1156 4403; x_wconf 83' lang='lat' dir='ltr'>legibus]</span> <span class='ocrx_word' id='word_1_529' title='bbox 1177 4329 1330 4384; x_wconf 86' lang='lat' dir='ltr'>satisfacere.</span> <span class='ocrx_word' id='word_1_530' title='bbox 1361 4332 1383 4384; x_wconf 90' lang='lat' dir='ltr'>si</span> <span class='ocrx_word' id='word_1_531' title='bbox 1402 4347 1460 4385; x_wconf 86' lang='lat' dir='ltr'>vero</span> <span class='ocrx_word' id='word_1_532' title='bbox 1477 4331 1548 4382; x_wconf 86' lang='lat' dir='ltr'>iurant</span> 
     </span>
     <span class='ocr_line' id='line_1_41' title="bbox 246 4427 1580 4504; baseline -0.004 -23"><span class='ocrx_word' id='word_1_533' title='bbox 246 4427 316 4500; x_wconf 88' lang='lat' dir='ltr'>quod</span> <span class='ocrx_word' id='word_1_534' title='bbox 335 4429 452 4500; x_wconf 89' lang='lat' dir='ltr'>superius</span> <span class='ocrx_word' id='word_1_535' title='bbox 468 4427 579 4484; x_wconf 84' lang='lat' dir='ltr'>diximus</span> <span class='ocrx_word' id='word_1_536' title='bbox 592 4436 617 4484; x_wconf 88' lang='lat' dir='ltr'>et</span> <span class='ocrx_word' id='word_1_537' title='bbox 629 4447 656 4485; x_wconf 85' lang='lat' dir='ltr'>sc</span> <span class='ocrx_word' id='word_1_538' title='bbox 668 4447 713 4504; x_wconf 89' lang='lat' dir='ltr'>per</span> <span class='ocrx_word' id='word_1_539' title='bbox 725 4437 909 4486; x_wconf 88' lang='lat' dir='ltr'>sacramentum</span> <span class='ocrx_word' id='word_1_540' title='bbox 923 4429 1101 4495; x_wconf 89' lang='lat' dir='ltr'>idoniaverint,</span> <span class='ocrx_word' id='word_1_541' title='bbox 1119 4427 1189 4484; x_wconf 91' lang='lat' dir='ltr'>nulla</span> <span class='ocrx_word' id='word_1_542' title='bbox 1202 4431 1238 4484; x_wconf 86' lang='lat' dir='ltr'>eis</span> <span class='ocrx_word' id='word_1_543' title='bbox 1252 4431 1398 4504; x_wconf 88' lang='lat' dir='ltr'>conposicio</span> <span class='ocrx_word' id='word_1_544' title='bbox 1410 4430 1544 4502; x_wconf 85' lang='lat' dir='ltr'>requiratur.</span> <span class='ocrx_word' id='word_1_545' title='bbox 1559 4437 1580 4478; x_wconf 82' lang='lat' dir='ltr'>co</span> 
     </span>
    </p>
   </div>
   <div class='ocr_carea' id='block_1_9' title="bbox 245 4625 1540 4803">
    <p class='ocr_par' dir='ltr' id='par_1_9' title="bbox 245 4625 1617 4803">
     <span class='ocr_line' id='line_1_42' title="bbox 245 4625 1540 4726; baseline -0.003 -26"><span class='ocrx_word' id='word_1_546' title='bbox 245 4643 349 4712; x_wconf 77' lang='lat' dir='ltr'>nxxu,</span> <span class='ocrx_word' id='word_1_547' title='bbox 371 4643 391 4713; x_wconf 77' lang='lat'>¹)</span> <span class='ocrx_word' id='word_1_548' title='bbox 409 4642 451 4700; x_wconf 76' lang='lat' dir='ltr'>era</span> <span class='ocrx_word' id='word_1_549' title='bbox 469 4643 494 4700; x_wconf 91' lang='lat'>1.</span> <span class='ocrx_word' id='word_1_550' title='bbox 518 4625 794 4706; x_wconf 68' lang='lat' dir='ltr'>‘caerimoniosos</span> <span class='ocrx_word' id='word_1_551' title='bbox 808 4647 875 4708; x_wconf 76' lang='lat' dir='ltr'>sera.</span> <span class='ocrx_word' id='word_1_552' title='bbox 930 4643 1042 4700; x_wconf 86' lang='lat' dir='ltr'>nxxu.</span> <span class='ocrx_word' id='word_1_553' title='bbox 1081 4645 1099 4717; x_wconf 79' lang='grc' dir='ltr'>ι)</span> <span class='ocrx_word' id='word_1_554' title='bbox 1126 4640 1217 4707; x_wconf 73' lang='lat' dir='ltr'>aaa.</span> <span class='ocrx_word' id='word_1_555' title='bbox 1249 4664 1299 4726; x_wconf 69' lang='lat' dir='ltr'>‚per</span> <span class='ocrx_word' id='word_1_556' title='bbox 1325 4639 1459 4708; x_wconf 67' lang='lat' dir='ltr'>soracten</span> <span class='ocrx_word' id='word_1_557' title='bbox 1483 4650 1540 4698; x_wconf 71' lang='lat' dir='ltr'>acro</span> 
     </span>
     <span class='ocr_line' id='line_1_43' title="bbox 247 4729 1051 4803; baseline -0.007 -15"><span class='ocrx_word' id='word_1_558' title='bbox 247 4729 403 4803; x_wconf 74' lang='lat' dir='ltr'>bertaolet</span> <span class='ocrx_word' id='word_1_559' title='bbox 422 4733 463 4792; x_wconf 86' lang='lat'>11.</span> <span class='ocrx_word' id='word_1_560' title='bbox 578 4729 582 4738; x_wconf 88' lang='lat'>&#39;</span> <span class='ocrx_word' id='word_1_561' title='bbox 930 4751 990 4791; x_wconf 80' lang='lat' dir='ltr'>non.</span> <span class='ocrx_word' id='word_1_562' title='bbox 1009 4732 1051 4794; x_wconf 80' lang='lat'>11,</span> 
     </span>
    </p>
   </div>
   <div class='ocr_carea' id='block_1_10' title="bbox 41 0 1627 5242">
    <p class='ocr_par' dir='ltr' id='par_1_10' title="bbox 41 0 1627 5242">
     <span class='ocr_line' id='line_1_44' title="bbox 41 0 1627 5242; baseline 0 0"><span class='ocrx_word' id='word_1_563' title='bbox 41 0 1627 5242; x_wconf 95' lang='lat' dir='ltr'> </span> 
     </span>
    </p>
   </div>
  </div>
 </body>
</html>
