3236 5242
226 187 276 260 44
303 183 306 188 ’
771 205 838 258 nux
867 205 995 258 aaaron.
1023 241 1032 250 .

226 377 384 450 propinquis
402 375 490 441 debet,
515 375 582 430 idest
605 383 657 431 tren
681 375 712 430 de
736 376 901 448 generaciono
924 377 1003 448 patric
1029 385 1055 432 et
1076 385 1129 432 tres
1153 379 1184 433 de
1202 380 1366 452 generatione
1383 383 1480 436 matrix.
1516 383 1543 445 Si

227 483 306 540 mater
323 477 382 529 viva
399 491 452 528 non
469 473 559 540 fuerit,
579 475 662 530 media
679 481 750 550 parte
769 473 800 528 de
817 472 893 530 leude
911 473 955 528 illa
972 483 1089 547 parentet
1107 479 1174 531 inter
1191 495 1219 532 ιι
1238 479 1353 534 dividant
1369 479 1419 534 lrec
1438 488 1478 534 eet
1493 489 1543 535 trec

227 573 258 628 de
280 581 350 645 patre
372 573 542 644 proximiores
567 581 592 627 ιι
611 581 663 627 tres
688 571 719 626 de
742 580 830 627 matre.
866 573 906 627 lta
927 583 1011 630 tamen
1033 577 1078 646 qui
1096 577 1264 647 proximiores
1283 575 1360 631 luerit
1377 587 1494 649 parentes
1515 580 1544 633 de

226 671 359 743 praedietis
384 670 573 725 conditionibus
596 671 733 742 prendant,
756 681 787 726 ut
807 682 861 728 trca
885 672 1044 746 partes-illia
1064 673 1162 728 duabus
1181 673 1342 752 dividendam
1360 675 1478 730 dimittat.
1513 676 1545 729 Ει

101 765 103 774 ’
164 843 168 850 ι
199 847 202 854 ,
226 788 283 824 nrm
308 777 333 824 et
355 768 414 824 illio
433 769 532 823 duabus
558 768 602 823 ille
626 772 671 841 qui
692 773 832 842 proximior
855 771 932 828 fauerit
954 771 998 828 illa
1016 773 1090 828 tertia
1107 781 1178 846 parte
1197 771 1260 827 duae
1278 782 1361 846 partes
1379 774 1505 846 prendant
1522 783 1570 831 ιιι

227 870 300 923 tertia
317 877 389 942 parte
406 870 472 940 patri
491 886 539 922 auo
559 867 700 924 demittant.

227 1013 301 1086 clv.
337 1015 368 1081 lu
398 1028 523 1104 quantos
554 1038 657 1083 causas
681 1013 787 1092 cleoti¹
810 1017 859 1086 cle·
912 1013 980 1086 Dc’
999 1023 1145 1084 iuratores
1168 1018 1203 1084 de
1225 1033 1350 1108 quantas
1371 1043 1476 1088 causus
1493 1021 1546 1088 thu

291 1167 300 1190 ι
379 1131 387 1140 ’
434 1133 525 1200 beant
545 1137 651 1200 iurare.
1057 1137 1160 1224 alapus
1184 1135 1272 1202 dehet
1294 1139 1428 1222 iurare„
1536 1171 1539 1176 ·

261 1264 297 1318 lle
321 1263 380 1318 dote
404 1270 429 1317 ιι
453 1262 484 1318 de
505 1281 546 1319 rea
566 1267 654 1336 quiin
674 1273 729 1320 onte
747 1266 858 1339 perditae
948 1267 978 1322 In
998 1275 1106 1340 quantae
1125 1283 1213 1321 caueae
1226 1265 1334 1322 talentae
1347 1270 1474 1323 iuratores
1487 1277 1547 1323 sunt

226 1371 286 1416 cunt
301 1370 325 1415 ct
340 1362 371 1416 de
383 1362 485 1416 homine
499 1365 542 1434 qui
555 1365 581 1417 in
593 1365 701 1419 servicio
714 1376 858 1422 revocatur.
914 1365 960 1433 12,
982 1368 1008 1419 in
1031 1365 1130 1437 reliquo
1149 1367 1176 1419 in
1195 1366 1298 1420 dextera
1316 1375 1341 1420 et
1358 1385 1427 1420 orma
1444 1367 1546 1423 talenta.
1562 1381 1582 1420 ιι

227 1461 255 1516 si
273 1459 381 1531 amplius
399 1461 512 1515 iurarent
531 1479 606 1532 quam
624 1469 676 1518 tres
690 1482 785 1531 caunas,
805 1483 858 1520 rem
913 1463 1009 1519 Causas
1023 1471 1083 1518 sunt
1094 1463 1202 1518 tolentes
1215 1472 1275 1530 tres,
1287 1481 1364 1518 unam
1378 1463 1409 1520 dc
1422 1465 1513 1520 ducem
1525 1475 1547 1520 ιι
1616 1495 1617 1500 =

106 1587 115 1602 ·
225 1557 268 1610 illa
290 1560 317 1611 in
341 1559 420 1630 rapite
443 1558 551 1614 reddant
574 1568 599 1614 et
623 1571 746 1632 quantum
766 1564 809 1618 lex
827 1564 858 1620 dc
912 1563 974 1618 aliae
987 1563 1019 1617 de
1030 1579 1072 1616 ree
1085 1563 1167 1633 quiin
1178 1561 1253 1616 horte
1265 1561 1383 1634 perdidit,
1401 1565 1504 1618 tertiam
1517 1564 1547 1618 de
1616 1581 1617 1592 ¹

145 1654 150 1661 '
226 1674 301 1710 canoa
317 1655 449 1711 illehabct
464 1657 605 1730 culpabilis.
624 1660 655 1714 dc
668 1661 720 1715 illis
733 1665 777 1734 qui
790 1663 858 1716 iura·
912 1662 1013 1716 homine
1027 1662 1071 1732 qui
1082 1668 1234 1714 revocantur
1246 1668 1271 1714 ιι
1283 1678 1358 1715 ιιιιι
1370 1669 1417 1716 ιιι.
1436 1662 1482 1716 aed
1495 1680 1547 1715 non
1616 1659 1617 1700 1

225 1763 316 1815 verunt
332 1763 386 1810 trec
405 1758 450 1826 qui
468 1758 582 1811 teniores
599 1757 700 1813 fuerant
717 1758 771 1816 600
787 1762 859 1815 dina·
898 1761 1018 1836 ‚mioticie
1027 1758 1168 1814 ruammala
1176 1759 1308 1831 burginam
1317 1777 1369 1813 non
1376 1768 1401 1814 ιι
1408 1759 1546 1832 responde.

223 1854 277 1906 rior
297 1856 341 1924 qui
359 1853 456 1908 iaciunt
474 1855 573 1910 rolidoa
593 1854 625 1910 15
641 1841 777 1929 culpabiles
791 1859 859 1914 ludia
911 1867 1045 1931 propterea
1062 1875 1115 1912 non
1134 1865 1174 1911 ιιι
1191 1860 1412 1912 ιιιιιιιιιιιιιιιίιι
1425 1859 1546 1912 Francos.
1561 1874 1582 1913 ιι
1616 1915 1617 1926 ¹

225 1959 312 2004 centur
337 1960 361 2006 et
384 1953 477 2025 reliqui
500 1956 625 2011 iuratores
645 1958 738 2029 quinos
758 1957 856 2013 solidor
899 1956 1018 2024 ¹Quando
1039 1955 1078 2010 illi
1095 1955 1179 2029 legem
1197 1964 1389 2027 conposuerunt
1405 1973 1459 2010 non
1478 1966 1548 2010 erant

143 2077 146 2082 ·
225 2048 333 2104 solvant.
693 2047 697 2058 ’
912 2056 1050 2110 christiani.
1078 2063 1213 2126 propterea
1234 2057 1262 2108 iu
1285 2071 1374 2108 corum
1398 2053 1505 2110 dextera
1525 2065 1547 2109 ιι

912 2173 980 2209 mma
993 2171 1081 2209 corum
1094 2159 1249 2208 sacramenta
1261 2151 1401 2209 adfirmant.
1423 2153 1477 2209 Sed
1489 2163 1547 2226 post

911 2253 944 2308 ad
956 2253 1163 2308 christianitatem
1175 2250 1281 2306 fuerunt
1290 2253 1395 2306 reversi.
1413 2261 1546 2323 propterea

909 2354 936 2406 in
954 2369 1044 2406 eorum
1062 2351 1166 2405 arbitrio
1186 2349 1218 2404 ad
1234 2358 1393 2405 sacramento
1408 2367 1544 2406 revocave-
1555 2367 1573 2405 ιι

909 2458 976 2516 ιιιι,
990 2467 1049 2504 nam
1062 2453 1114 2502 non
1126 2465 1252 2520 perarma
1264 2465 1360 2503 eorum.
1380 2457 1406 2504 ιι
1417 2451 1445 2504 in
1457 2467 1544 2524 eorum

910 2549 1014 2604 arbitrio
1030 2549 1056 2602 in
1069 2565 1158 2602 corum
1170 2556 1326 2603 sacramento
1339 2549 1500 2614 resederunt,
1518 2559 1544 2602 ut

910 2649 946 2702 sic
958 2650 1044 2702 iurant
1056 2663 1133 2717 cuper
1145 2647 1267 2718 nicpatio:
1286 2647 1360 2702 ·vide
1372 2647 1416 2702 ille
1429 2656 1459 2701 tu
1474 2647 1542 2700 audi·

908 2756 951 2801 tor
960 2746 1034 2801 vobio
1047 2744 1210 2800 arbitriorum
1223 2747 1357 2817 periclum
1369 2746 1502 2800 'orbitrium
1514 2746 1542 2799 de

908 2843 1031 2899 tltasneo
1050 2843 1118 2899 unde
1136 2852 1166 2898 tu
1183 2861 1224 2898 me
1241 2844 1351 2899 malleati
1370 2861 1418 2917 ego
1438 2845 1469 2899 de
1488 2843 1541 2898 illoc
1557 2859 1581 2898 ιι

908 2951 933 2997 ιι
960 2941 1063 2998 mallare
1090 2959 1143 2998 uon
1169 2942 1278 2998 redebeo
1301 2944 1352 2997 nini
1374 2944 1426 2996 icto
1450 2943 1542 2996 idoneo

787 3050 794 3066 '
909 3050 1065 3098 sacramento
1090 3041 1182 3097 orbona
1204 3043 1261 3096 iuro
1279 3043 1394 3114 perinte
1412 3041 1542 3098 arbitrio·

670 3247 671 3250 κ
699 3207 762 3276 CV.
797 3209 841 3274 De
869 3231 938 3274 creu
962 3208 1038 3274 deba
1046 3201 1064 3274 ¹.

308 3341 331 3396 1.
362 3342 390 3398 Si
416 3344 473 3414 quic
498 3343 625 3396 homiuem
648 3343 788 3414 ingenuum
810 3342 837 3394 in
856 3339 921 3396 silva
939 3341 1027 3394 autin
1046 3338 1163 3412 quolibet
1179 3339 1237 3396 ioco
1257 3341 1373 3396 occiserit
1391 3347 1417 3396 et
1436 3358 1494 3396 eum
1511 3340 1543 3394 ad

185 3455 189 3463 ’
220 3441 350 3496 celandum
370 3441 530 3495 conbusserit
548 3449 573 3496 et
591 3442 614 3495 ei
629 3439 708 3495 fuerit
719 3438 895 3510 adprobatum,
914 3437 967 3494 600
979 3438 1079 3494 colidoo
1093 3448 1227 3512 conponat.
1271 3439 1297 3503 2.
1317 3439 1345 3494 Si
1357 3442 1543 3495 entmetionem
1559 3461 1585 3500 ιι

219 3539 260 3594 vel
278 3539 397 3594 feminam
414 3539 464 3593 tale
484 3539 572 3593 ordine
590 3538 745 3594 interfecerit
756 3545 808 3592 'aut
824 3535 904 3593 talare
922 3536 1033 3594 voluerit
1044 3537 1085 3594 vel
1102 3540 1161 3612 igne
1179 3540 1375 3596 concremaverit
1393 3547 1419 3595 ιι
1432 3542 1455 3596 ei
1467 3540 1544 3596 luerit

220 3637 401 3711 adprobatum,
421 3635 492 3698 1800
508 3637 607 3694 solidor
627 3637 769 3710 culpabilia.

275 3968 388 4067 Pactus¹
407 3989 463 4056 pro
489 3981 589 4034 tenore
612 3969 693 4056 pacis
717 3966 904 4033 dominorum
928 3963 1109 4034 Childeberti
1132 3979 1162 4034 ct
1186 3963 1350 4034 Chlotharii
1373 3991 1487 4058 regum.

309 4096 334 4154 1.
362 4099 397 4153 Ut
418 4100 477 4170 quia
495 4099 635 4157 multorum
653 4100 766 4154 insaniae
785 4083 980 4164 convaluerunt,
1003 4097 1077 4154 malie
1094 4117 1142 4171 pro
1160 4101 1306 4156 inmanitate
1325 4097 1449 4159 scelerum
1469 4100 1547 4174 digna

217 4197 362 4252 reddantur.
381 4196 408 4250 id
426 4214 487 4272 ergo
508 4197 635 4254 decretum
654 4207 705 4264 ιιι,
724 4205 754 4252 ιιι
772 4198 839 4272 apud
858 4213 1041 4270 quemcumque
1060 4205 1120 4272 post
1137 4198 1299 4257 interdictum
1313 4198 1465 4258 latrociniuu
1481 4219 1545 4254 eon·
1563 4213 1587 4256 ιι

217 4293 348 4369 probatur,
365 4297 432 4350 vitae
450 4297 562 4352 incurrat
579 4281 728 4378 periculum.
1299 4365 1304 4373 Ι

305 4392 331 4449 2.
359 4395 387 4448 Si
409 4396 466 4470 quia
491 4397 624 4470 ingenuam
646 4415 780 4472 perronam
798 4415 843 4470 pro
863 4395 932 4452 lurto
952 4395 1069 4470 ligaverit
1086 4403 1112 4450 ιι
1130 4404 1238 4470 negator
1256 4399 1380 4464 extiterit,
1408 4398 1548 4454 duodecim

218 4547 287 4602 clv.
315 4547 334 4616 ¹)
357 4547 481 4620 theleptae
501 4547 543 4604 10.
905 4550 958 4605 GV.
988 4551 1007 4620 ¹)
1025 4549 1067 4605 era
1080 4549 1201 4606 restituit
1212 4547 1337 4606 Iacobus
1351 4547 1468 4606 Grimm.
1481 4571 1548 4610 creu

176 4639 183 4656 ⁸
256 4638 284 4706 ἰ’
303 4637 373 4692 Ηιιι
399 4637 463 4711 legia
491 4639 573 4701 forme
600 4657 614 4697 e
638 4639 723 4698 codice
748 4637 778 4698 11
806 4641 850 4696 de·
904 4640 967 4698 bebo
986 4639 1010 4700 1.
1038 4657 1095 4698 creo
1114 4641 1188 4700 hebet
1205 4640 1231 4702 2.
1260 4640 1397 4698 chrcodiba
1417 4640 1458 4698 10.

217 4735 333 4806 prompta
351 4736 399 4790 eat.
