3236 5242
535 193 881 254 ruwsaffinw.
1311 175 1361 248 59

93 425 98 440 .
630 367 781 446 53,4-7.
1560 348 1567 377 ¹

67 385 93 441 ⁴²
137 485 169 554 Si
184 507 253 551 vero
269 485 420 552 Romanus
444 487 533 550 homo
550 485 695 552 Franeum
719 485 928 574 expoliaverit,
954 482 1041 552 2500
1064 481 1224 570 [denarios]
1248 487 1298 576 qui
1320 483 1363 550 fa·
1381 485 1439 549 187.
1560 420 1566 581 Ξ

67 608 131 672 ciunt
151 603 262 670 solides
285 597 367 688 627,
396 601 551 694 eulpabilis
573 602 728 670 iudicetur.

66 753 98 809 43.
645 737 698 816 53,
712 749 769 808 11.’

46 881 54 918 r
137 855 177 918 Si
201 859 271 938 qarr'e
298 856 408 919 villam
437 856 570 919 alienam
599 855 776 920 adsallierit
802 865 833 918 et
855 852 966 917 ibidem
988 856 1069 917 vatia
1088 853 1241 939 sreqerr't,
1269 874 1361 918 eones

65 972 193 1036 reciderit
219 973 277 1036 'arel
304 973 440 1036 homines
466 973 644 1056 piaqaverit
664 985 728 1036 'aaut
757 975 788 1034 in
818 993 909 1034 cerro
937 971 1057 1054 aliquid
1082 971 1195 1034 exinde
1221 971 1361 1048 duxerit,

65 1088 140 1152 malle.
163 1083 400 1170 turpeplaeldee¹
421 1103 493 1152 earet
515 1090 636 1154 denarii
656 1087 743 1152 8000
765 1092 819 1171 qaea'
835 1089 964 1174 saciant
985 1088 1101 1151 aolidae
1117 1088 1182 1150 200
1196 1086 1360 1168 culpabilia

66 1207 204 1270 iadicemr.
252 1206 404 1296 Quidquid
430 1205 538 1272 ibidem
560 1208 686 1294 preserit
708 1207 739 1270 in
761 1205 828 1270 loco
851 1207 996 1270 restituat.
1021 1207 1124 1292 quanti
1145 1207 1176 1268 in
1199 1227 1233 1269 eo
1258 1219 1362 1270 eontu-

66 1323 149 1390 bernio
172 1326 219 1390 vel
248 1325 486 1420 supervenientes
513 1322 603 1388 fuisse
626 1322 808 1414 probantur,
838 1321 924 1390 2500
948 1321 1082 1388 denarios
1107 1323 1157 1414 qui
1179 1321 1290 1392 iaciunt
1313 1346 1360 1390 ao-

42 1441 126 1506 elidos
147 1435 228 1527 627,
257 1441 410 1532 culpabilis
432 1439 587 1508 iudicetur.

64 1587 97 1644 a
543 1571 798 1654 ·1Qn-ffi

136 1690 167 1758 Si
197 1695 263 1784 quis
292 1717 387 1760 casam
412 1692 572 1784 quamlibet
594 1715 684 1780 super
706 1693 838 1758 homines
862 1690 1039 1758 dormientes
1062 1691 1238 1772 incenderit,
1270 1693 1438 1770 malh.180.
1530 1751 1533 1757 .

64 1807 184 1876 seolando
210 1824 240 1876 et
261 1833 314 1878 uas
338 1811 452 1878 haldem
475 1805 531 1900 pa²
554 1814 600 1877 eui
624 1833 691 1876 easa
714 1823 759 1876 est
780 1809 891 1876 solidos
908 1804 991 1896 627,
1011 1823 1168 1900 conponat.
1203 1809 1241 1875 Et
1257 1815 1359 1898 quanti

64 1927 258 1994 interfuerint
279 1930 397 1995 maflare
421 1929 529 1996 dehent
552 1928 589 1996 de
611 1921 804 1996 seolandeua⁸
827 1941 857 1994 et
879 1941 982 1996 eontra
996 1950 1233 2018 unumquemque
1248 1928 1358 1994 soiidos

37 2069 53 2108 rr
65 2038 134 2128 627,
160 2061 317 2134 conponat.
351 2047 390 2114 Et
413 2043 438 2112 si
461 2047 550 2136 aliqui
573 2047 653 2113 intus
677 2048 815 2123 arserint,
838 2045 923 2111 leode
945 2046 1083 2112 seolande
1099 2045 1211 2112 sadiseo
1228 2040 1359 2112 landesa⁴

64 2175 119 2227 sant
139 2145 245 2228 denarii
269 2162 356 2230 8000
379 2167 430 2254 qui
453 2163 564 2232 iaciunt
587 2164 697 2234 solidos
722 2163 786 2230 200
809 2162 962 2251 culpabilis
985 2163 1140 2230 iudicetur.
1175 2162 1213 2230 Ee
1228 2166 1275 2232 eui
1291 2185 1358 2230 casa

64 2291 99 2344 est
116 2279 222 2346 solidos
247 2275 329 2366 627,
358 2281 510 2371 culpabilis
533 2282 687 2350 iudicetur.
736 2277 808 2364 [aex
831 2303 931 2348 sauna
954 2277 1074 2367 aevae]

67 2423 99 2482 46.
458 2413 461 2418 ’
645 2416 698 2496 53,
711 2430 754 2488 24.

136 2523 182 2598 [Et
199 2527 225 2582 ei
245 2525 356 2602 aliquid
373 2546 428 2586 non
442 2528 611 2588 remanserit
622 2528 736 2602 ibidem,
755 2529 840 2588 malb-
854 2527 949 2587 leudi·
960 2525 1178 2588 eowdenarioe
1189 2529 1236 2608 qai
1245 2528 1359 2604 feriunt

37 2639 56 2680 re
67 2622 156 2684 resides
172 2624 229 2684 200
244 2625 397 2700 culpabilis
414 2628 556 2687 iudicetur
574 2639 694 2704 excepto
714 2627 841 2704 capitale
860 2636 888 2687 et
906 2627 1058 2702 delatura]

62 2757 95 2816 46.
609 2751 797 2831 11,12-1r.

135 2864 166 2932 Si
196 2871 260 2957 quis
290 2867 437 2934 hominem
465 2873 507 2935 ita
534 2871 698 2961 plagaverit
726 2871 757 2933 ia
786 2883 875 2960 caput
903 2883 937 2936 ut
965 2867 1116 2936 cerebrum
1146 2881 1286 2958 appareat
1316 2857 1367 2951 [ei

58 2995 109 3048 trea
132 3007 197 3050 ossa
218 2985 344 3075 desuper
365 2987 516 3054 cerebrum
539 2984 691 3072 exierintJ,
713 2986 801 3054 malb.
825 2981 989 3054 andeasen⁸
1008 2987 1118 3066 solides
1139 2983 1181 3054 45
1204 2985 1356 3076 culpabilis

54 3101 198 3170 iudicetur.

21 3253 36 3296 ra
49 3239 87 3296 47.
610 3228 660 3309 14,
675 3241 795 3300 14-16.

132 3347 175 3409 Si
194 3350 263 3430 qaia
286 3348 435 3410 homiaem
456 3351 502 3411 ita
522 3349 701 3432 plaqaeerr‘t
722 3352 753 3410 ia
776 3361 871 3430 eaput
894 3361 930 3412 aet
952 3348 1064 3412 exinde
1087 3361 1153 3412 eree
1176 3369 1249 3437 oeae
1271 3353 1355 3412 eeee

44 3466 114 3541 rint,
139 3464 231 3528 malb.
251 3464 394 3528 inarbina
416 3459 601 3530 ambilieae'
623 3477 697 3529 areat
718 3465 834 3530 dinarii
853 3465 941 3530 1200
962 3470 1017 3552 qui
1035 3467 1157 3554 saciant
1180 3467 1295 3530 solidae
1311 3466 1356 3530 30

42 3580 209 3664 culpabilia
231 3583 392 3651 iudicetur.

40 3719 79 3777 a.
643 3706 764 3788 1effl·

23 3859 26 3890 i
125 3823 166 3892 Si
189 3847 260 3890 vero
284 3825 370 3914 plaga
393 3828 458 3913 ipsa
480 3847 595 3916 semper
618 3829 709 3893 eurrit
727 3841 756 3893 et
771 3826 809 3894 ad
825 3830 976 3897 sanitatem
992 3851 1051 3896 nor
1066 3832 1241 3919 pervenerit,
1265 3829 1352 3898 malb.

37 3937 208 4010 freohleto⁸
230 3942 342 4008 aolIdos
366 3935 448 4029 627,
476 3944 629 4033 culpabilis
653 3944 806 4013 iudicetur.

35 4091 73 4148 a
648 4078 753 4158 aaa

118 4211 157 4262 et
184 4197 218 4258 air
239 4189 469 4260 medicaturaa’
491 4195 605 4258 solidor
628 4197 659 4263 9.

37 4353 71 4412 44.
100 4358 121 4428 ¹)
142 4355 197 4411 ita
209 4351 235 4408 6.
256 4354 407 4426 turriphaaio
417 4351 446 4408 ,7.
466 4355 634 4428 turriphathie
646 4354 672 4413 8.
725 4354 769 4411 46.
804 4357 824 4426 ⁸)
846 4356 889 4411 ita
907 4355 932 4412 θ.
957 4355 1111 4415 audeafeaua
1129 4356 1171 4412 10.

38 4451 89 4501 turri
109 4443 232 4520 phathio
251 4441 277 4498 9.
299 4445 484 4518 turphafalehia
503 4443 546 4502 10.
726 4443 768 4499 47.
804 4449 823 4515 ¹)
846 4446 888 4501 iia
906 4445 931 4500 6.
955 4447 1100 4504 euafretlum
1117 4445 1142 4504 7.
1165 4465 1209 4504 eus
1221 4447 1315 4504 fretum
1326 4449 1351 4506 9.

34 4533 68 4592 44
109 4539 130 4608 ¹)
158 4535 213 4592 e'ta
230 4530 255 4590 6.
725 4533 769 4590 48.
802 4537 822 4604 ·)
845 4535 886 4592 ita
904 4535 929 4592 6.
988 4605 994 4618 .

64 4629 84 4697 ²)
107 4627 157 4682 ita
179 4621 213 4678 6.
393 4624 414 4694 ⁴)
436 4623 478 4680 ita
495 4623 520 4681 6.
727 4623 769 4678 49.
803 4627 822 4694 ·)
846 4627 920 4682 malh.
934 4629 1117 4688 andeehabinue
1129 4629 1155 4688 2.
1174 4632 1249 4690 malb.
1262 4633 1351 4698 eande-

31 4715 68 4774 45.
103 4719 124 4792 ·)
150 4715 204 4772 iia
227 4709 268 4768 10.
666 4719 668 4724 ’
727 4713 851 4790 chaparua
868 4715 893 4774 4.
