3236 5242
287 229 471 284 nnounron
499 229 720 283 crnornsnu.
762 229 974 284 coerroneos
1001 229 1139 283 ninom.
1317 209 1367 282 st
1406 219 1411 224 ’

462 466 484 532 Ι.
517 465 561 532 lle
583 464 748 532 homicidiis
772 465 954 532 clericorum.

143 593 171 652 Si
189 597 246 669 quis
264 596 447 652 subdiaconum
467 587 595 662 occiderit,
613 595 666 652 300
685 595 783 651 solidos
802 606 936 669 conponat.
961 598 1005 669 qui
1024 596 1156 672 diaconum
1173 595 1299 662 occiderit,
1316 594 1370 650 llll)

71 695 162 752 solidos.
186 697 230 768 qui
246 695 416 767 presbiterum
434 692 495 750 000.
519 697 564 766 qui
582 697 728 770 episcopum
746 695 800 753 900
818 697 916 753 solidos
936 705 1070 768 conponat.
1095 697 1139 768 qni
1151 695 1303 751 monachum
1318 693 1371 748 too

71 794 147 850 solidis
165 793 297 867 culpabilis
314 794 448 849 iudicetur.

51 961 95 1025 cll.
124 960 165 1028 lle
186 960 233 1026 his
257 961 309 1049 qui
331 959 407 1028 inira
429 961 602 1028 inmunitate
625 960 802 1052 confugiunt
822 962 870 1028 vel
893 961 1032 1028 damnum
1053 959 1174 1050 aliquod
1191 961 1233 1027 ihi
1249 957 1369 1026 iaciunt.

144 1092 171 1148 si
195 1093 254 1164 quis
276 1092 303 1146 in
325 1093 500 1147 inmunitatem
522 1091 640 1146 damnum
658 1092 764 1172 aliquod
782 1093 882 1160 lecerit,
906 1091 960 1148 600
978 1092 1068 1148 solidis
1087 1091 1220 1164 culpabilis
1238 1091 1372 1146 iudicetur.

70 1191 92 1246 bi
111 1199 189 1246 autem
213 1190 290 1244 bomo
313 1189 411 1244 domum
435 1188 523 1244 iecerit
545 1199 590 1245 aut
612 1190 776 1246 homicidium
795 1190 836 1245 vel
861 1190 993 1262 quodlibet
1013 1191 1106 1245 crimen
1123 1190 1195 1244 foras
1214 1191 1372 1244 committens

13 1353 14 1356 Ἴ
71 1288 122 1342 luha
137 1289 287 1344 inmunitate
304 1287 411 1361 fugerit,
429 1287 532 1344 mandet
550 1307 634 1345 eomes
654 1288 693 1344 vel
713 1291 831 1360 episcopo
848 1289 892 1344 vel
910 1289 999 1344 abbate
1016 1288 1058 1344 vel
1075 1289 1236 1344 vicedomino
1254 1287 1297 1343 rel
1317 1289 1373 1359 qni-

73 1405 161 1459 crmque
181 1386 268 1442 locum
286 1387 398 1458 episcopi
416 1395 460 1442 aut
478 1387 575 1442 abbatis
593 1389 712 1453 tennerit,
729 1395 760 1441 ut
774 1387 867 1441 reddat
884 1389 907 1442 ei
924 1404 1004 1442 reum.
1042 1387 1071 1440 st
1087 1386 1132 1442 ille
1150 1387 1332 1442 contradixerit
1350 1395 1375 1440 et

45 1499 117 1540 tecum
136 1485 240 1541 reddere
257 1471 433 1554 noluerit,'in
449 1486 531 1556 prima
549 1485 747 1542 contradictione
765 1485 857 1540 solidis
876 1485 909 1540 15
929 1483 1061 1557 culpabilis
1079 1485 1213 1540 iudicetur.
1243 1486 1265 1539 si
1283 1485 1316 1538 ad
1334 1502 1374 1538 se-

71 1583 162 1638 cundam
178 1584 372 1656 inquisitionem
390 1591 416 1638 et
434 1601 491 1638 eum
508 1583 615 1640 reddere
632 1583 753 1650 noluerit,
771 1581 806 1638 30
825 1582 915 1638 solidis
935 1583 1067 1656 culpabilis
1084 1583 1219 1638 iudicetur.
1244 1585 1267 1637 ai
1284 1599 1331 1637 nec
1343 1581 1375 1636 acl

70 1682 157 1736 terciam
175 1683 317 1738 consentire
335 1680 461 1747 noluerit,
484 1681 610 1753 quidquid
627 1700 687 1736 reus
708 1681 826 1736 damnum
844 1681 933 1737 fecerit
949 1690 1032 1738 totum
1050 1681 1093 1736 ille
1112 1682 1157 1754 qui
1175 1699 1233 1736 eum
1251 1680 1317 1736 inlra
1335 1683 1375 1734 in·

70 1782 202 1836 munitatem
219 1781 312 1834 retinet
329 1797 374 1835 nee
391 1778 498 1834 reddere
515 1779 572 1834 vult
589 1779 689 1836 solvere
708 1789 821 1853 cogatur.
845 1781 943 1852 etipse
962 1797 1047 1835 comes
1064 1781 1168 1834 veniens
1186 1778 1312 1834 licentiam
1330 1779 1375 1832 ha-

15 1944 16 1948 *
70 1877 118 1932 beat
133 1879 213 1950 ipsum
231 1878 359 1934 hominem
377 1877 445 1934 inira
461 1879 636 1934 inmunitatem
656 1878 793 1951 quaerendi
810 1878 964 1950 ubicumque
982 1897 1040 1933 eum
1058 1879 1172 1932 invenire
1189 1879 1309 1948 potuerit.
1346 1878 1376 1932 st

12 2019 17 2048 5,
37 1991 56 2032 tt
70 1984 143 2030 autem
159 1979 244 2032 atatim
262 1978 289 2032 in
306 1979 388 2048 prima
404 1977 570 2048 inquisitione
589 1978 676 2031 comiti
694 1995 846 2048 responsum
864 1976 949 2043 luerit,
969 1976 1039 2048 qnod
1050 1993 1110 2032 reus
1122 1975 1188 2030 infra
1201 1977 1375 2030 inmunitatn

17 2141 22 2145 „
69 2074 159 2145 quidem
181 2075 275 2130 inisset
297 2075 344 2130 sed
363 2074 425 2148 iuga
442 2074 530 2146 lapsus
549 2076 595 2140 sit,
620 2076 705 2130 statim
724 2077 791 2130 iuret
809 2074 879 2146 quod
897 2076 951 2147 ipse
970 2091 1027 2130 eum
1046 2075 1078 2130 ad
1096 2077 1222 2130 iusticiam
1240 2073 1376 2128 cuiuslibet

12 2215 25 2248 rr,
69 2171 236 2228 disfaciendam
253 2172 343 2245 ingere
360 2191 414 2228 non
431 2172 535 2228 iecisset
553 2182 578 2228 et
595 2174 631 2228 sit
648 2175 671 2228 ei
689 2176 715 2228 in
733 2173 782 2228 boc
800 2172 965 2228 satisfactum.
993 2173 1022 2228 Si
1040 2181 1123 2228 autem
1141 2174 1245 2226 intranti
1256 2174 1283 2225 in
1294 2173 1375 2244 ipsam

11 2315 25 2349 ;;
68 2271 232 2326 inmunitatem
249 2273 335 2326 comiti
354 2271 459 2328 collecta
475 2289 553 2326 manu
572 2271 680 2344 quilibet
695 2273 815 2328 resistere
834 2271 1002 2343 temptaverit,
1022 2289 1106 2326 comes
1124 2271 1173 2326 hoe
1191 2270 1224 2325 ad
1237 2289 1323 2344 regem
1334 2270 1375 2325 vel

11 2413 29 2450 e,
69 2368 96 2421 ad
115 2371 249 2443 principem
268 2367 365 2425 delerat
382 2369 469 2442 ibique
486 2369 621 2436 iudicetur,
639 2378 669 2424 ut
687 2371 753 2424 sient
770 2369 814 2424 ille
834 2371 877 2442 qui
896 2371 923 2423 iu
940 2371 1090 2425 inmunitate
1109 2369 1228 2424 damnum
1245 2366 1376 2426 fecittot
1408 2404 1412 2413 ·

11 2479 57 2549 35:²⁰
71 2466 157 2523 solidos
176 2487 318 2541 conponere
337 2449 442 2536 debuit,
456 2470 491 2524 ita
507 2470 551 2542 qui
569 2471 655 2524 comiti
674 2467 779 2525 collecta
791 2486 867 2524 manu
879 2470 998 2524 resistere
1009 2470 1207 2542 praesumpserit
1219 2465 1272 2524 600
1284 2465 1375 2524 solidis

15 2599 27 2645 p,
70 2565 188 2639 culpabilis
206 2566 340 2624 iudicetur.

294 2733 338 2799 lll.
375 2734 420 2800 Dc
442 2733 490 2800 his
514 2736 565 2824 qui
587 2733 626 2802 ad
649 2734 799 2802 eeclesiam
822 2733 994 2824 coniugium
1015 2731 1137 2800 iaciunt.

145 2863 174 2920 si
192 2864 250 2937 quis
269 2864 300 2918 ad
315 2863 446 2920 ecclesiam
465 2864 612 2938 confugium
631 2864 730 2932 feeerit,
749 2867 775 2919 in
798 2867 863 2920 atrio
880 2866 964 2937 ipsius
982 2863 1101 2920 ecelesiae
1119 2880 1206 2935 pacem
1223 2860 1313 2918 habeat
1329 2878 1376 2918 nee

10 3003 33 3049 dt·
74 2959 100 3012 sit
113 2963 132 3016 ei
150 2979 254 3018 necesse
273 2962 402 3018 ecelesiam
420 2963 553 3036 ingredere
572 2973 597 3018 et
614 2963 702 3018 nullus
722 2981 779 3018 eum
797 2963 855 3017 inde
873 2981 918 3034 per
936 2964 987 3018 vim
1000 2961 1144 3018 abstrahere
1157 2969 1307 3034 praesumat.
1330 2960 1376 3014 sed

39 3073 62 3116 ta
74 3056 130 3114 liccat
152 3064 175 3116 ei
199 3061 313 3116 confiteri
338 3061 407 3134 quod
430 3061 491 3118 lecit
511 3069 536 3118 et
553 3061 612 3118 inde
630 3079 675 3136 per
692 3081 782 3118 manus
800 3062 927 3118 honorum
945 3061 1077 3116 hominum
1096 3059 1127 3116 ad
1147 3059 1334 3118 decursionem*
1349 3059 1374 3112 in

10 3192 37 3250 rd'
69 3157 157 3226 publico
176 3159 338 3238 perducatur.

226 3323 276 3391 IV.
310 3325 355 3392 De
378 3327 423 3393 his
447 3328 498 3416 qui
519 3349 574 3416 per
595 3327 702 3393 malum
725 3329 874 3416 ingenium
898 3327 986 3392 alium
1009 3322 1204 3391 auxiliaverit.

145 3457 175 3512 st
199 3457 257 3530 quis
279 3455 407 3512 hominem
430 3459 458 3511 in
479 3458 575 3512 iudicio
597 3467 684 3513 eontra
706 3458 755 3513 alio
779 3458 939 3514 altercantem
961 3459 1056 3511 iniuste
1079 3456 1198 3511 adiuvare
1219 3471 1264 3526 per
1282 3452 1375 3508 malum

10 3418 38 3452 f..

10 3504 45 3654 ΕΞ
60 3552 187 3626 ingenium
209 3557 409 3628 praesumpserit
431 3563 507 3628 atque
529 3557 588 3628 inde
612 3575 696 3612 coram
718 3557 845 3612 iudicibus
863 3555 905 3613 vel
923 3557 1014 3612 comite
1032 3557 1176 3629 increpatus
1193 3552 1271 3609 luerit
1290 3560 1315 3608 et
1332 3569 1376 3607 ne·

42 3664 117 3724 tgare
135 3670 187 3710 oon
205 3656 331 3726 potuerit,
350 3653 388 3712 15Ι
403 3653 494 3712 solidis
512 3655 645 3728 culpabilis
662 3656 796 3712 iudicetur.

428 3819 465 3886 V.
500 3801 612 3888 De'his
637 3825 688 3912 qui
711 3823 870 3911 ingenuare
893 3824 1006 3890 volunt.

145 3951 176 4010 Si
194 3953 253 4026 quis
272 3951 303 4008 de
320 3949 436 4008 libertate
449 3969 495 4006 sua
507 3951 586 4008 luerit
596 3952 770 4025 interpellatus
784 3963 810 4008 et
821 3956 921 4021 timens,
940 3973 971 4009 nc
984 3957 1010 4008 in
1024 3925 1155 4007 servitium
1169 3951 1247 4018 cadat,
1266 3951 1376 4024 aliquem

10 4047 84 4163 lp,pde
107 4053 264 4124 propinquis
286 4044 354 4118 suis,
377 4067 422 4123 pet
441 4065 515 4122 quem
535 4069 562 4104 se
580 4052 607 4104 in
626 4053 758 4106 servitium
777 4069 895 4106 casurum
911 4055 991 4118 timet,
1016 4051 1147 4116 occiderit,
1170 4050 1198 4104 id
1216 4059 1256 4104 est
1272 4058 1377 4122 patrem,

39 4159 171 4242 amatrem,
189 4148 338 4221 patruelem,
357 4146 509 4202 avunculum
527 4147 569 4203 vel
584 4148 722 4220 quamlibet
734 4149 883 4204 huiusmodi
895 4150 1091 4221 propinquitatis
1105 4166 1248 4220 personam,
1266 4150 1321 4220 ipse
1334 4149 1378 4220 qui

14 4213 99 4314 ⁵⁰,lroc
117 4222 306 4321 perpetraverit
322 4247 454 4312 moriatur,
472 4248 572 4319 agnatio
590 4263 652 4300 vero
670 4248 725 4302 eius
744 4257 770 4302 et
787 4249 993 4320 consanguinitas
1011 4249 1038 4300 in
1057 4249 1205 4302 servitutem
1220 4246 1299 4302 cadat.
1315 4248 1377 4302 etsi

10 4319 188 4422 lll'eegsvcrtc
205 4363 234 4402 se
251 4344 326 4401 illum
344 4344 475 4412 occidisse,
493 4344 526 4400 ad
542 4362 635 4402 novem
646 4362 763 4402 vomeres
775 4347 871 4419 ignitos
883 4345 1006 4400 iudicium
1016 4344 1064 4400 uei
1076 4345 1258 4402 examinandus
1269 4347 1377 4402 accedat.

43 4432 53 4449 ιΙ

10 4456 18 4506 t
34 4447 50 4487 r·

10 4537 47 4653 ol

16 4659 56 4744 §cg
138 4644 171 4702 Si
197 4643 319 4714 quiores
338 4660 462 4716 suaspro
481 4644 564 4698 anima
582 4661 629 4700 sua
647 4641 679 4700 ad
697 4641 1102 4711 casamlleltraderevoluerlt,
1128 4643 1198 4700 domi
1215 4642 1376 4700 traditionem
1453 4697 1456 4706 ,

53 4741 122 4802 balat
149 4759 240 4796 coram
263 4741 372 4796 testibus
397 4740 524 4814 legitimis.
556 4751 581 4798 et
604 4761 669 4815 quae
691 4743 811 4799 hactenus
835 4744 861 4798 in
884 4741 959 4820 hostq
982 4744 1062 4801 factae
1080 4743 1141 4802 aunt
1157 4744 1322 4811 traditiones,
1346 4744 1376 4800 de

212 4509 261 4578 Vl.
298 4511 341 4577 De
364 4509 409 4576 his
434 4513 484 4600 qui
508 4509 546 4576 ad
568 4531 665 4578 casam
686 4509 742 4578 Dei
764 4532 813 4607 reo
835 4533 903 4578 suas
926 4511 1043 4580 tradere
1065 4513 1222 4580 voluerint.
