3210 5244
226 241 274 315 18
436 317 441 337 ,
575 283 579 288 -
767 261 836 314 unx
865 261 993 315 sacret.

224 447 269 514 est
292 431 377 502 1200
400 431 530 499 dinarios
553 436 605 524 qni
627 431 739 500 iaciunt
759 435 871 502 solidos
888 433 930 501 30
946 435 1101 524 culpabilis
1117 433 1272 503 indicetur.
1308 435 1342 504 Si
1358 457 1427 503 vero
1441 440 1524 527 ipsun

222 553 344 642 ligatum
367 553 397 617 in
421 551 519 641 aliqua
540 563 625 641 parte
648 549 767 619 duxerit
778 546 801 631 ¹,
824 549 910 621 1800
933 552 1062 620 dinarios
1086 555 1138 644 qui
1160 551 1273 621 iaciunt
1292 552 1525 623 1606014510-

144 673 205 735 095.
223 669 328 761 pabiiis
349 666 532 737 indicetur!

617 819 771 902 XXXIII.
811 819 864 944 lle
891 823 1151 906 venationibus.

163 980 205 1040 96.
229 977 232 982 ’
315 975 343 1049 1.
372 977 406 1046 Sl
434 980 500 1068 quis
530 975 566 1046 de
589 976 713 1045 diuersis
735 978 943 1052 venationibus
965 979 1076 1048 furtum
1099 980 1200 1048 iecerit
1221 992 1252 1048 ct
1274 979 1426 1074 celaverit,
1453 977 1549 1050 18001

26 1105 27 1148 3
117 1141 124 1154 .
226 1094 356 1161 dinarios
380 1098 431 1184 qui
448 1096 559 1161 iaciunt
574 1095 685 1162 solidos
701 1093 743 1162 45
761 1095 914 1185 culpabilis
929 1097 1084 1166 indicetur.
1121 1099 1204 1184 Quae
1218 1099 1268 1166 lcx
1283 1098 1319 1164 de
1334 1099 1529 1166 venationibus

92 4031 94 4036 ,
223 3963 358 4031 theolede
387 3967 471 4034 tholo
501 3960 650 4034 thodina¹
678 3968 737 4036 boc
767 3980 812 4036 est
837 3966 985 4036 homicida
1007 3969 1088 4036 illum
1112 3967 1222 4034 domini
1245 3969 1321 4033 inter
1343 3989 1374 4034 se
1398 3964 1524 4032 dividant

225 1226 256 1279 et
276 1212 491 1300 piscationIbus
514 1216 652 1280 convenit
674 1213 841 1282 observare.
881 1213 911 1280 2.
936 1213 970 1281 Si
993 1219 1059 1304 quis
1082 1237 1201 1282 cervum
1218 1214 1410 1282 domesticum
1425 1220 1528 1306 signum
1581 1229 1582 1236 ’

223 1329 380 1396 habentem
402 1331 544 1397 iuraverit
567 1344 619 1397 aut
641 1331 795 1411 occiderit,
830 1307 881 1422 qui
905 1335 944 1402 ad
965 1337 1151 1402 venationem
1173 1347 1344 1402 mansuetus
1368 1347 1412 1400 est
1434 1346 1461 1400 et
1481 1335 1528 1400 hoc

164 1457 206 1516 97.
223 1468 278 1536 per
298 1448 424 1516 testibus
447 1447 536 1514 fuerit
558 1448 756 1537 adprobatum
780 1450 950 1540 quodcum
974 1451 1110 1518 dominus
1132 1474 1205 1518 suus
1227 1454 1258 1518 in
1280 1455 1465 1518 venationem
1485 1452 1528 1517 ba·

223 1564 338 1632 buisset
359 1578 411 1632 aut
433 1585 499 1632 cnm
522 1567 619 1654 ipsum
642 1565 716 1634 duas
737 1580 789 1634 aut
803 1581 863 1636 tres
878 1568 955 1636 ieras
972 1570 1136 1647 occidisset,
1159 1569 1248 1636 malb.
1264 1562 1556 1636 throuidioso¹hnco

163 1687 206 1752 98.
224 1694 268 1752 est
298 1680 383 1751 1800
412 1683 542 1750 dinarios
569 1686 620 1772 qui
642 1683 755 1754 iaciunt
777 1685 890 1754 solidos
912 1685 955 1754 45
979 1686 1134 1776 culpabilis
1158 1686 1314 1754 iudicetur.
1384 1685 1414 1752 3.
1443 1685 1528 1754 Alium

222 1819 295 1866 vcro
319 1799 514 1868 domesticum
535 1822 653 1868 cervum
676 1805 728 1890 qui
750 1781 781 1868 in
803 1805 988 1870 venationem
1012 1804 1110 1870 adhue
1132 1826 1193 1870 non
1216 1804 1273 1870 luit
1294 1806 1346 1893 qui
1369 1826 1436 1870 eum
1457 1807 1528 1870 invo·
1581 1833 1582 1848 1

221 1917 328 1984 laverit
356 1931 408 1984 aut
430 1916 585 1997 occiderit,
614 1917 701 1986 malb.
725 1915 925 1990 throueinso’
945 1923 1004 1990 hoo
1026 1934 1071 1990 est
1095 1919 1181 1990 1200
1204 1921 1333 1988 dinarios
1358 1924 1408 2011 qui
1431 1919 1527 1988 iaciunt
1580 1853 1582 1956 l

223 2032 334 2102 solidos
357 2031 577 2124 30'eulpabilia
599 2035 755 2106 iudicetur.

664 2189 825 2282 XXXIV.
865 2199 918 2282 De
946 2197 1101 2306 sepibus.
1464 2287 1468 2298 ,
1538 2219 1552 2266 ¹⁵

313 2343 342 2422 1.
374 2345 407 2422 Si
436 2348 502 2446 quis
530 2377 601 2422 vcro
631 2366 692 2424 tres
710 2359 817 2448 virgas
845 2356 925 2424 unde
952 2379 1039 2447 sepes
1068 2353 1267 2446 superligatus
1295 2355 1474 2460 capulaverit
1491 2347 1528 2420 vel
1581 2363 1582 2402 1

224 2481 335 2542 ¹retorta
364 2453 443 2538 unde
471 2473 571 2564 palum
601 2487 653 2540 aut
680 2497 765 2565 sepes
794 2479 962 2542 continetur
991 2475 1175 2565 capulaverit
1201 2487 1254 2540 aut
1282 2485 1341 2540 tres
1374 2473 1527 2539 eambortus

125 2582 205 2657 ⁸212.
223 2592 399 2658 involaverit
427 2603 478 2658 aut
506 2595 736 2659 excervicaverit
750 2586 793 2672 ζ’
824 2591 889 2660 600
913 2592 1043 2678 dinarios
1074 2595 1124 2682 qui
1147 2592 1261 2658 iaciunt
1282 2590 1393 2658 solidos
1419 2589 1459 2658 15
1473 2589 1526 2656 cul·

141 2694 205 2823 {pl}
224 2709 331 2797 pabiiis
354 2706 536 2775 iudicetur*
603 2709 633 2776 2.
658 2707 692 2778 Si
716 2701 782 2800 quis
804 2733 859 2800 per
873 2697 966 2777 aliena
981 2732 1074 2776 messe
1088 2722 1246 2798 postquam
1261 2709 1404 2776 levaverit
1419 2711 1526 2798 erpieen
1580 2803 1581 2828 Χ

224 2829 350 2892 traxerit
372 2839 424 2892 aut
447 2849 513 2892 eum
537 2849 621 2893 carro
645 2830 707 2894 sine
729 2830 779 2893 via
800 2830 950 2894 transierit
961 2822 981 2906 ¹,
1007 2825 1070 2893 120
1094 2826 1222 2892 dinarios
1239 2829 1290 2916 qui
1305 2827 1418 2892 iaciunt
1432 2824 1552 2891 solidoso

205 2918 246 3008 Ι3
271 2943 425 3032 culpabilis
448 2943 603 3011 iudicetur.
673 2944 703 3012 3.
728 2943 762 3011 Si
786 2947 850 3034 quis
872 2967 927 3034 per
948 2967 1041 3011 messe
1064 2943 1159 3010 aliena
1181 2946 1239 3008 iam
1259 2944 1526 3032 expalmitantesine

123 3072 204 3131 ⁴100.
224 3059 298 3127 via*
326 3065 475 3128 transierit
487 3057 507 3142 ⁸,
536 3060 602 3129 600
631 3061 761 3128 dinarios
791 3065 842 3150 qui
867 3061 981 3128 faciunt
1008 3061 1120 3128 solidos
1146 3059 1186 3128 15
1210 3060 1364 3150 culpabilis
1383 3061 1525 3126 iudicetur.
1579 3111 1580 3120 ,

224 3175 256 3246 4.
286 3178 320 3246 Si
351 3183 415 3269 quis
444 3203 498 3268 per
524 3181 601 3246 malo
624 3182 744 3269 ingenio
767 3181 798 3244 in
821 3192 904 3248 curte
927 3181 1047 3246 alterius
1069 3191 1121 3244 aut
1144 3181 1175 3244 in
1198 3198 1265 3244 casa
1286 3179 1334 3244 vel
1356 3181 1387 3243 in
1410 3177 1528 3267 quolibet
1579 3161 1580 3180 ¹

124 3303 203 3361 ⁰101.
224 3295 337 3384 aliquid
365 3296 400 3362 de
429 3296 540 3364 furtum
569 3300 682 3364 miserit
709 3298 767 3364 hoe
797 3309 841 3363 est
869 3299 1017 3362 nesciente
1045 3294 1191 3362 domino*
1219 3309 1248 3362 et
1273 3294 1383 3362 ibidem
1405 3297 1527 3360 inventus

125 3419 203 3479 ⁴305.
223 3411 353 3491 suerit,l
381 3414 468 3480 malb.
491 3410 673 3484 fistirbiero¹
700 3414 759 3481 boc
782 3426 827 3482 est
849 3411 936 3481 2500
959 3413 1089 3482 dinarios
1113 3417 1164 3504 qni
1186 3413 1299 3481 iaciunt
1321 3411 1433 3480 solidos
1453 3403 1523 3494 627,
1537 3433 1553 3476 o

224 3529 378 3620 culpabilis
400 3532 556 3600 iudicetur.

391 3694 538 3775 XXXV.
578 3693 631 3778 De
657 3691 854 3774 homicidiis
882 3713 1068 3776 servorum
1095 3692 1155 3775 vel
1182 3693 1378 3798 expoliatis.

124 3828 205 3961 ,3322
314 3845 343 3914 1.
368 3846 401 3916 Si
425 3851 491 3939 quis
507 3867 610 3917 servus
633 3848 774 3917 servum*
798 3850 938 3917 occiderit
959 3871 990 3917 se
1007 3849 1128 3916 similem
1145 3861 1174 3916 et
1189 3846 1319 3915 ei'lnerit
1333 3845 1525 3938 adprobatum,

263 4167 283 4242 ¹)
301 4167 376 4226 malb.
395 4169 535 4230 andercbua
553 4171 579 4231 2.
606 4167 681 4230 mtlb.
701 4172 853 4248 andreiphua
948 4174 969 4244 ⁸)
987 4167 1062 4229 malb.
1080 4167 1208 4228 leordardi
1226 4170 1251 4228 2.
1278 4169 1354 4227 malb.
1372 4169 1431 4226 leod
1447 4167 1470 4224 6.

223 4258 249 4317 0.
275 4259 350 4316 malb.
367 4262 509 4334 andrcppua
527 4260 552 4320 7.
565 4261 591 4320 0.
615 4259 691 4320 meib.
709 4265 853 4339 andrephua
947 4265 968 4334 ¹)
986 4263 1061 4319 malb.
1079 4261 1193 4318 leodardi
1211 4261 1236 4317 2.
1251 4257 1276 4315 7.
1289 4260 1314 4317 9.
1344 4259 1419 4315 malb.
1435 4256 1491 4313 leod
1505 4250 1524 4308 0.

223 4349 249 4405 9.
276 4350 351 4406 malb.
370 4351 495 4424 andrepua
514 4352 556 4408 10.
946 4352 1066 4428 061111.
1085 4351 1218 4406 lrictehero
1231 4349 1256 4407 2.
1276 4349 1397 4407 leatibcro
1410 4347 1433 4406 6.
1450 4347 1524 4404 ierim·

223 4439 351 4494 XXXIII.
374 4439 399 4510 ¹¹)
411 4439 454 4495 ita
467 4439 491 4496 1.
508 4443 635 4499 tronioido
647 4440 673 4502 2.
691 4447 813 4502 tronnido
826 4445 851 4503 6.
908 4435 968 4498 bera
986 4439 1011 4497 7.
1030 4439 1056 4500 8.
1083 4441 1226 4498 lerthebero
1246 4439 1286 4499 10.

221 4519 350 4584 treuuidio
368 4521 393 4584 7.
416 4530 552 4587 treuimdio
569 4532 595 4589 9.
617 4536 762 4602 trouandio‚
779 4537 853 4592 chroa

221 4619 302 4672 uuido
323 4611 374 4674 10.
527 4621 548 4693 ¹)
566 4621 608 4678 itu
626 4623 651 4679 1.
677 4627 805 4682 trouIsido
825 4627 852 4683 2.
907 4613 1019 4680 XXXV.
1047 4623 1066 4694 ¹)
1084 4621 1126 4680 tta
1144 4622 1169 4680 2.
1193 4619 1268 4678 malb.
1286 4617 1420 4678 theolidias
1437 4613 1522 4675 tenleu·

221 4701 348 4766 XXXIV.
372 4710 392 4780 ¹)
410 4710 484 4767 malb.
497 4709 610 4767 leodardi
622 4713 648 4769 2.
661 4711 685 4768 7.
704 4715 779 4770 malb.
791 4710 852 4772 leod
908 4714 967 4767 dina
978 4711 1003 4768 3.
1026 4714 1101 4770 malb.
1113 4713 1240 4770 theladina
1258 4709 1283 4770 6.
1305 4711 1380 4768 malb.
1392 4713 1447 4768 then
1459 4705 1522 4764 leude

222 4794 247 4853 6.
274 4797 349 4855 malb.
367 4799 495 4857 leordardi
513 4801 538 4858 9.
565 4801 640 4858 malb.
658 4801 773 4861 leodardi
792 4804 833 4862 10.
908 4803 1031 4859 auttheu
1049 4803 1159 4861 leudinia
1178 4803 1219 4860 10.
