3236 5242
486 253 652 306 ceruum
681 251 890 305 xcvi-ern.
1296 231 1345 306 te

55 427 147 482 admittat
163 431 206 478 aut
223 420 277 478 200
294 422 395 478 solidas
413 421 505 477 solvat.
541 421 569 476 Si
587 439 649 476 vcro
669 419 700 475 de
716 420 789 476 dorca
804 421 854 476 iam
871 429 975 476 morbae
995 425 1049 476 aine
1068 420 1175 476 coneilio
1193 421 1284 476 iudicia
1302 429 1348 476 ant

54 525 161 580 voluntate
177 523 259 593 ipsius
278 522 350 575 cuins
370 537 446 574 cauea
464 518 616 585 rettulerit,
634 537 680 590 pao
700 518 773 592 eulpa
791 537 841 590 qua
859 535 1000 591 suspensae
1015 527 1055 574 est
1068 519 1189 592 quicquid
1201 519 1292 575 exinde
1303 518 1346 575 lex

53 622 112 678 salica
127 621 238 676 docuerit
255 619 298 676 ille
317 621 362 692 qui
380 635 438 674 euna
455 616 547 674 tollere
564 619 763 690 praeanmpaerit
781 617 912 691 culpabilis
930 617 1064 673 indicetur.
1157 685 1159 694 s

621 781 750 852 xcvtu.
781 761 783 768 '

33 935 41 972 s
120 915 262 972 Secundum
284 913 366 988 legem
385 913 486 968 salicam
505 913 553 968 boc
572 916 691 970 convenit
708 914 838 980 observari
856 913 887 969 de
905 915 1066 981 caeeioniia¹,
1082 923 1114 968 ut
1131 915 1280 986 cuicumque
1297 915 1345 969 do·
1376 891 1379 898 ¹

51 1016 200 1073 resarserit
222 1022 248 1068 et
270 1031 311 1068 rea
336 1031 399 1084 quaa
422 1011 568 1066 liberaverit
590 1011 634 1066 ubi
659 1021 765 1084 reponat
782 1031 834 1066 non
854 1012 939 1079 babet,
963 1012 1079 1068 similiter
1097 1016 1118 1067 ei
1138 1031 1195 1068 eum
1213 1013 1344 1068 infirmitas

52 1113 171 1168 detenuerit
192 1121 236 1166 aut
260 1119 326 1167 certe
349 1111 380 1165 de
404 1112 527 1183 proximis
551 1109 648 1181 aliquid
671 1119 773 1164 mortuo
797 1112 824 1164 in
843 1109 919 1164 domo
939 1129 987 1165 auo
1006 1111 1093 1177 babet,
1116 1111 1157 1166 vel
1176 1111 1202 1165 in
1221 1110 1345 1164 dominica

51 1212 155 1267 anbasaia
169 1211 248 1266 brente
266 1210 414 1265 detricatue:
436 1227 482 1281 per
499 1211 549 1264 iata
568 1211 658 1264 sunnia
677 1227 704 1263 ae
722 1209 815 1274 bomo,
839 1211 862 1283 ai
879 1209 1030 1282 probatione
1048 1209 1159 1276 dederit,
1178 1224 1299 1265 excusare
1317 1226 1345 1264 ae

51 1311 130 1381 poterit
156 1306 244 1379 [alica
261 1305 299 1364 cle
317 1307 377 1364 aito
395 1313 539 1380 conponat
556 1315 608 1364 out
624 1303 681 1364 200
694 1304 803 1364 antidea
821 1303 976 1379 culpabilia
992 1305 1155 1378 laodicense]

27 1505 41 1544 u
156 1473 264 1542 XClX.
299 1474 343 1542 De
366 1497 401 1540 eo
425 1477 477 1563 qui
498 1474 625 1563 lapidem
647 1495 737 1562 super
759 1472 880 1540 domum
901 1474 1026 1540 alienum
1049 1475 1211 1540 iactaverit.

117 1605 145 1661 Si
169 1607 228 1677 quia
252 1623 328 1678 anper
344 1607 485 1679 ingenuum
504 1605 564 1660 dum
582 1608 609 1660 in
628 1605 704 1660 domo
723 1621 771 1666 aua
788 1605 912 1660 resederit
929 1603 994 1659 aliua
1012 1607 1138 1678 ingennus
1158 1602 1297 1676 quamlibet
1314 1604 1346 1658 de
1463 1635 1471 1646 -
1543 1596 1547 1619 '

49 1711 190 1782 supratacto
211 1721 271 1758 casu
288 1703 371 1775 lapide
388 1705 487 1758 miserit
504 1713 550 1758 aut
567 1704 698 1759 volontate
709 1721 764 1760 ,ana
781 1704 910 1760 bominem
927 1705 1057 1758 iactaverit
1074 1713 1099 1758 et
1116 1706 1140 1758 el
1158 1702 1236 1757 luerit
1253 1703 1345 1774 adpro-

48 1801 126 1868 batum,
148 1821 194 1874 pce
219 1801 290 1857 illius
309 1802 461 1858 contumelia
479 1811 524 1857 aut
541 1802 650 1858 aliorum
668 1803 836 1876 ingenuorum
855 1804 878 1856 ai
897 1820 954 1857 enm
971 1804 1028 1874 ipae
1048 1801 1090 1856 alii
1108 1801 1203 1856 fuerint
1220 1819 1265 1872 per
1281 1818 1345 1854 una-

49 1917 142 1972 quaeqne
165 1917 278 1973 perrona
301 1899 334 1956 15
359 1900 459 1955 solidos
482 1901 614 1974 culpabilia
638 1899 772 1956 iudicetur.
809 1900 839 1956 st
856 1917 918 1958 aero
941 1900 1008 1957 letus
1031 1900 1109 1956 inerit
1131 1902 1176 1974 qni
1197 1900 1246 1955 boc
1263 1899 1345 1956 iacere

20 2009 36 2052 ta
47 2001 239 2073 praesumpserit,
257 1998 357 2054 solidos
375 1996 424 2068 7¹).
447 1997 581 2072 culpabilia
597 1997 732 2056 iudicetur.

123 2164 154 2232 C.
191 2165 237 2232 De
260 2187 295 2230 eo
320 2168 371 2254 qui
393 2166 517 2234 alterum
540 2168 571 2232 in
592 2165 755 2254 perieulum
777 2168 931 2255 inpigserit
953 2178 983 2232 et
1004 2167 1090 2232 vivus
1114 2169 1248 2232 evaserit.

114 2295 141 2352 st
165 2298 225 2369 quis
247 2298 375 2370 ingenuus
399 2297 478 2352 alium
500 2298 629 2352 bominem
652 2299 790 2370 ingenuum
808 2300 835 2352 in
852 2306 957 2370 puteum
975 2298 1105 2352 iactaverit
1122 2305 1166 2352 aut
1183 2299 1210 2352 in
1228 2297 1302 2356 fovea
1320 2307 1346 2354 et

45 2393 71 2447 ibi
90 2412 141 2450 eum
162 2395 197 2450 ael
218 2395 420 2450 interficiendum
436 2397 548 2462 miserit,
573 2397 596 2450 si
613 2395 707 2450 ibidem
725 2397 843 2452 inventus
862 2396 940 2451 fuerit
957 2397 992 2450 ita
1009 2404 1039 2449 ut
1057 2396 1163 2452 evadere
1181 2414 1233 2450 non
1249 2398 1344 2470 possit:

47 2495 79 2564 qui
92 2495 171 2567 ipsum
190 2493 275 2550 scelus
294 2494 425 2550 admiserit
444 2503 470 2550 et
487 2496 511 2549 ei
528 2493 606 2549 luerit
623 2493 802 2568 adprobatum,
821 2494 919 2550 eolidoa
937 2491 990 2551 200
1008 2494 1140 2568 culpabilis
1159 2494 1292 2551 iudicetur.

19 2681 36 2720 a
425 2659 470 2728 Cl.
505 2661 550 2728 De
572 2661 663 2730 rebus
686 2664 716 2728 in
740 2661 824 2728 alode
846 2663 949 2750 patris.

113 2791 140 2846 Si
164 2793 225 2864 quis
249 2807 326 2864 anper
347 2791 454 2847 alterum
479 2792 511 2847 cle
533 2793 612 2848 rebus
634 2795 662 2848 in
685 2793 759 2848 alode
777 2794 855 2866 patris
873 2795 988 2848 inventae
1006 2794 1188 2860 interciavcrit,
1210 2794 1285 2850 debet
1302 2793 1345 2850 ille
1454 2837 1458 2847 .
1550 2822 1554 2841 ι

48 2902 102 2958 uper
124 2907 202 2962 quem
226 2892 374 2946 interciatur
395 2900 449 2946 tres
473 2893 620 2948 testimonia
637 2894 736 2947 mittere
755 2892 826 2965 quod
843 2894 870 2946 in
888 2892 961 2947 alode
979 2895 1058 2966 patris
1076 2893 1125 2948 boe
1142 2895 1298 2959 invenisset,
1321 2902 1347 2948 et

50 2983 103 3042 altera
122 2997 178 3044 drea
201 2991 349 3044 testimonia
372 2989 481 3063 qualiter
504 2999 575 3064 pater
597 3009 661 3045 suna
682 3009 723 3046 rea
747 2993 815 3063 ipsas
838 2993 986 3046 inveniaact.
1021 2993 1078 3046 Hoc
1097 2994 1119 3047 ai
1137 2993 1238 3058 iecerit,
1260 2999 1347 3063 potest

49 3101 83 3138 reu
95 3077 227 3143 interciata
243 3089 379 3144 vindicare.
409 3089 439 3144 st
455 3089 535 3143 iatum
553 3107 606 3143 non
624 3089 720 3156 iecerit,
738 3091 821 3144 mittat
837 3097 890 3144 tres
909 3091 1029 3144 iuratoris
1047 3091 1118 3163 qnod
1136 3093 1162 3145 in
1180 3090 1254 3146 alode
1265 3091 1345 3163 patrie

16 3197 34 3234 aa
47 3183 80 3240 loe
92 3190 241 3244 invenisset.
266 3191 288 3243 ei
306 3187 355 3242 bec
373 3187 474 3254 iecerit,
493 3205 520 3242 ee
539 3188 570 3242 de
589 3187 680 3242 damno
700 3205 775 3243 eausa
793 3188 904 3244 eliberat.
938 3189 967 3244 Si
985 3189 1033 3243 boc
1051 3207 1103 3244 non
1121 3188 1221 3256 iecerit,
1238 3189 1282 3244 ille
1301 3192 1345 3262 qni

42 3300 72 3339 eas
91 3289 262 3344 interciaverit
284 3305 331 3343 auo
355 3287 473 3341 filtorto¹
496 3288 532 3342 sic
550 3295 639 3359 postea
658 3287 728 3360 quod
745 3285 787 3342 lex
805 3289 871 3344 inter
890 3286 988 3355 docuit,
1008 3288 1075 3363 apud
1093 3306 1169 3362 quem
1186 3307 1229 3346 cas
1247 3289 1345 3345 invenit

42 3380 132 3450 [aclidoa
151 3385 198 3456 35]
218 3386 350 3459 culpabilia
368 3387 503 3442 iudicetur.

482 3550 539 3620 Cll.
574 3551 618 3619 lla
642 3551 734 3620 abano
756 3551 864 3620 creudo
874 3546 892 3620 ¹.

110 3683 140 3738 Si
165 3685 226 3756 qnia
249 3691 321 3755 pater
343 3692 387 3738 aut
409 3685 520 3757 parentis
545 3684 646 3757 quando
669 3684 747 3739 liliam
771 3701 843 3739 auam
864 3684 897 3739 ati
913 3684 1004 3739 marite
1024 3684 1113 3752 donat,
1136 3691 1258 3758 quantum
1276 3687 1300 3740 ei
1317 3689 1356 3754 im

8 3783 26 3825 tt
37 3788 98 3843 noete
121 3782 167 3837 illa
193 3782 332 3854 quamlibet
354 3800 408 3838 rem
432 3783 551 3850 donavit,
572 3791 652 3856 totam
676 3791 746 3838 extra
768 3791 865 3856 partem
888 3785 1004 3838 incontra
1020 3783 1116 3839 iratres
1139 3801 1202 3839 suos
1224 3784 1344 3840 vindicet.

36 3877 146 3936 Similiter
166 3881 270 3955 quanm
288 3881 356 3936 lilius
375 3899 439 3936 suus
458 3881 490 3936 ad
509 3882 676 3955 capillatorias
694 3881 782 3938 feccrit
800 3883 922 3955 quiequid
940 3885 963 3939 ei
982 3881 1075 3940 donato
1089 3883 1174 3951 inerdt,
1192 3891 1263 3940 extra
1273 3892 1344 3958 patto

35 3973 74 4032 boc
89 3982 169 4036 teniat
188 3989 213 4038 et
230 3980 342 4054 reliquas
361 3998 402 4036 rea
422 3980 511 4055 equale
529 3983 619 4040 ordine
635 3984 701 4040 inter
719 3999 747 4040 oe
766 3981 887 4040 ditidant
1279 4017 1300 4076 ‘l

35 4139 92 4212 Clll.
126 4148 175 4214 De
198 4147 317 4215 bomine
339 4151 469 4239 ingenuo
492 4152 591 4215 occiso
615 4150 765 4239 quomodo
782 4153 917 4240 parentis.
930 4149 992 4215 suis
1007 4151 1189 4238 componitur
1202 4145 1264 4220 vitd
1279 4175 1342 4222 sua.
1551 4166 1564 4261 p

109 4279 139 4334 Si
160 4281 220 4352 quis
239 4280 368 4335 bominem
386 4282 524 4355 ingenuum
543 4279 663 4336 occiderit
681 4291 706 4337 ct
723 4281 766 4338 ille
786 4284 830 4356 qui
851 4281 971 4337 occiderit
988 4281 1122 4354 probatum
1140 4247 1358 4384 tuena,''a'd''p'1l3¹

9 4376 135 4433 urentibus
157 4378 249 4434 debeat
267 4380 407 4435 seeundum
424 4380 507 4454 legem
526 4398 675 4452 conponere.
702 4381 787 4436 ttette
805 4383 982 4454 conpositione
1000 4381 1069 4437 filius
1088 4383 1179 4438 babere
1192 4355 1356 4467 dcb'e‘pl'alil'l

32 4475 156 4534 medietate
177 4478 269 4535 exinde
288 4480 310 4534 ei
330 4479 404 4535 debet
420 4487 450 4534 ut
469 4479 500 4535 ad
519 4488 607 4553 quarta
625 4479 656 4536 de
673 4478 717 4535 illa
734 4480 809 4538 leude
822 4482 947 4549 adveniat,
964 4483 1013 4538 alia
1027 4492 1115 4558 quarta
1127 4501 1184 4555 para
1196 4483 1342 4557 parentibus

1194 4595 1216 4644 dt
1243 4597 1259 4658 (¹
1293 4597 1356 4646 .ll[l

32 4679 658 4759 xuv111.¹)tcotndec11.ageoniuceateett.
712 4686 767 4741 Gli.
791 4685 810 4756 ¹)
829 4687 870 4742 idn
889 4687 914 4745 1.
933 4709 993 4748 eane
1005 4697 1090 4752 creuto
1102 4689 1127 4752 2·
1147 4709 1193 4748 ane
1205 4685 1342 4753 nabutte
1395 4689 1399 4700 '

31 4768 68 4828 ct.
94 4775 113 4845 ¹)
135 4773 182 4834 ita
201 4774 226 4833 2.
249 4773 393 4832 ieltroctum
412 4775 436 4833 1.
711 4775 741 4836 ἐκ
758 4775 852 4840 indice
871 4778 912 4839 11.
1179 4785 1224 4843 dra
1245 4784 1357 4846 t¹⁴1=*“³'¹‘l
