3236 5242
745 237 963 296 nuurssotttt.

579 513 580 526 ι
661 475 711 542 lV.
746 475 790 541 De
812 474 920 542 soledis
944 467 1040 560 627,

284 607 306 662 1.
339 607 373 662 st
396 607 453 677 quis
480 595 510 660 de
533 606 624 678 sagitta
646 609 755 660 toxicata
778 607 904 662 hominem
929 605 1086 677 sagittaverit
1109 611 1134 658 et
1157 606 1277 670 evaserit,
1305 603 1402 660 soledis
1425 601 1459 658 62
1481 611 1504 657 ct

195 706 299 762 dimidio
325 703 455 776 culpabilis
476 703 609 761 iudicetur.
663 703 688 760 2.
713 705 741 760 Si
760 706 818 776 quis
836 704 913 758 horno
933 702 982 756 alio
1002 700 1140 758 adsallierit
1157 710 1183 756 et
1200 721 1247 758 sur
1265 721 1333 758 arnna
1351 711 1376 757 et
1395 701 1504 758 occidere

194 803 305 858 voluerit
322 811 348 858 et
365 811 477 876 retentus
496 800 586 867 luerit,
605 801 700 857 scledls
718 801 753 858 62
772 811 797 858 et
815 796 919 870 dimidio
935 799 1066 871 culpabilis
1078 799 1211 856 iudicetur.
1256 799 1282 858 8.
1301 802 1330 857 si
1343 802 1402 872 quis
1416 815 1505 872 corpus
1602 815 1603 832 ι

194 904 318 956 occiseurn
341 901 468 956 hominem
487 909 621 972 antequam
638 901 665 956 in
682 909 750 956 terra
767 902 881 956 mittatur
898 887 927 952 in
942 898 1038 952 furtum
1058 897 1235 969 expoliaverit,
1258 898 1354 954 soledie
1373 897 1408 954 62
1426 907 1451 952 et
1469 897 1531 955 11-ι

193 1000 280 1056 midio.
325 999 350 1054 1.
370 1001 398 1056 st
417 1002 474 1072 quis
493 999 579 1054 villam
596 997 702 1056 alienam
720 999 852 1063 invaserit,
871 995 906 1052 62
924 1005 949 1050 et
967 996 1080 1052 dimidio.
1125 997 1149 1052 5.
1170 997 1198 1052 Si
1218 999 1275 1069 quis
1288 1013 1390 1052 manum
1404 997 1505 1052 alterius

194 1098 348 1171 capulaverit
370 1108 396 1154 et
416 1099 471 1166 ipsa
494 1116 580 1152 manca
602 1096 761 1170 pependerit,
784 1093 819 1150 62
841 1104 865 1149 et
884 1094 997 1150 dimidio.
1051 1092 1076 1150 6.
1101 1095 1129 1150 Si
1148 1098 1205 1168 quis
1223 1098 1249 1150 in
1267 1095 1506 1150 furtum‘elocatunr

194 1205 294 1270 accepto
312 1199 408 1270 praetio
426 1196 554 1254 hominem
573 1195 685 1252 occidere
704 1194 816 1249 voluerit
833 1202 858 1247 et
875 1195 898 1248 ei
913 1193 991 1248 luerit
1002 1192 1181 1266 adprobatum,
1201 1193 1295 1250 eolcdis
1308 1193 1343 1250 62
1356 1202 1382 1250 et
1393 1193 1505 1248 dimidio.
1525 1221 1529 1231 ·

677 1361 713 1426 V.
748 1361 792 1428 lle
815 1341 922 1426 soledis
947 1357 1019 1426 100.

282 1493 305 1550 1.
327 1494 356 1550 si
375 1495 433 1566 quis
451 1493 578 1550 hominem
595 1501 724 1555 mortuum
744 1491 869 1548 exloderit
887 1499 912 1546 et
930 1489 1107 1562 expoliaverit,
1126 1489 1223 1564 soledie
1243 1489 1302 1548 100.
1355 1487 1381 1546 2.
1402 1489 1430 1546 Si
1450 1491 1503 1562 quis
1519 1507 1540 1546 ιι

193 1594 321 1648 hominem
345 1593 510 1648 dormientem
533 1595 560 1648 in
580 1590 677 1648 fururm
696 1589 873 1662 expoliaverit,
898 1589 993 1663 soledis
1013 1587 1072 1644 100.
1125 1586 1151 1644 3.
1176 1589 1205 1644 st
1223 1605 1283 1644 vero
1302 1589 1424 1644 infantem
1442 1589 1505 1644 inira

193 1693 280 1746 matrIs
299 1693 340 1746 sui
358 1699 430 1746 utero
451 1692 577 1757 occiserit,
597 1689 692 1746 soledis
712 1687 771 1746 100.
816 1687 841 1746 1.
862 1687 889 1742 Si
909 1689 966 1760 quis
984 1687 1061 1742 homo
1080 1688 1206 1760 ingenuus
1220 1686 1329 1742 alienum
1342 1687 1424 1744 lidum
1438 1696 1505 1742 extra
1602 1695 1603 1746 l

194 1789 327 1844 consilium
347 1789 442 1844 domini
461 1791 501 1844 sui
519 1797 576 1844 ante
593 1807 653 1862 rege
670 1807 716 1862 pro
736 1788 865 1842 denarium
883 1788 1021 1860 ingenuum
1040 1786 1177 1852 dimiserit,
1199 1785 1294 1842 soledis
1314 1783 1373 1842 100.
1428 1785 1452 1839 5.
1477 1783 1504 1840 Si

193 1891 251 1960 quis
275 1887 347 1942 alteri
371 1905 472 1941 manum
498 1888 639 1942 excusserit
661 1885 812 1958 autlingua
835 1885 988 1957 copulaverit
1009 1893 1055 1940 aut
1078 1886 1224 1940 cremaverit
1247 1893 1292 1940 ant
1308 1883 1420 1956 verenda
1437 1893 1502 1940 man·

192 1987 370 2060 scapulaverit,
395 1985 490 2040 soledis
515 1983 573 2040 100.
626 1982 651 2039 6.
676 1984 704 2039 Si
723 1982 781 2055 puis
799 1983 926 2038 hominem
945 1985 1083 2057 ingenuum
1102 1983 1264 2038 sinemurus
1284 1991 1309 2038 et
1325 1983 1418 2055 pedes,
1443 1999 1502 2054 quae
1518 1999 1538 2038 ιι

191 2087 290 2140 inimici
304 2087 344 2140 sui
362 2087 389 2138 in
401 2087 442 2139 via
460 2084 643 2156 relinquerunt,
662 2084 757 2154 quique
775 2101 832 2138 eum
852 2083 974 2150 occiserit,
993 2081 1088 2136 eoledis
1108 2079 1167 2136 100.
1217 2079 1242 2136 7.
1263 2080 1345 2137 Simili
1365 2080 1443 2136 modo
1463 2083 1503 2152 qui

191 2183 268 2238 aliurn
286 2186 311 2238 in
329 2183 419 2258 pelago
437 2184 574 2256 inpinxerit
591 2190 616 2238 et
633 2182 708 2238 vivus
727 2182 817 2238 exinde
835 2183 955 2248 evaserit,
974 2179 1070 2236 soledis
1089 2177 1149 2236 100.

1602 2377 1603 2436 l

669 2347 717 2414 Vl.
752 2348 797 2414 De
819 2347 926 2414 soledis
947 2345 1024 2420 200.

279 2479 303 2536 1.
327 2480 355 2536 Si
375 2483 432 2552 quis
450 2479 576 2536 hominem
596 2481 640 2551 qui
658 2481 765 2553 migrare
784 2480 897 2552 disponit
915 2487 940 2534 et
959 2477 989 2534 de
1007 2479 1061 2551 regi
1078 2476 1363 2550 habueritpraeceptum
1376 2485 1402 2532 et
1415 2475 1502 2549 aliquis

192 2587 277 2634 contra
301 2579 458 2634 ordinatione
480 2581 547 2652 regin
567 2586 631 2634 stare
650 2587 805 2650 praesumet,
830 2577 925 2634 soledis
944 2575 1004 2642 200.
1058 2575 1083 2630 2.
1108 2577 1137 2634 si
1155 2578 1213 2648 quis
1231 2576 1281 2638 alio
1300 2576 1391 2630 herbas
1411 2575 1503 2630 dederit
1516 2585 1536 2624 ιι

190 2677 322 2732 biberent
340 2680 470 2743 moriatur,
489 2677 585 2732 soledis
602 2675 663 2732 200.
716 2674 741 2731 3.
762 2676 789 2730 Si
808 2679 866 2747 quis
884 2678 1012 2734 hominem
1029 2677 1153 2732 Francum
1172 2674 1324 2732 involaverit
1341 2684 1367 2730 et
1384 2675 1503 2738 venderit,

191 2775 286 2830 soledis
313 2775 366 2830 200
394 2775 524 2847 culpabilis
545 2775 679 2832 iudicetur.
737 2773 762 2828 t.
793 2775 823 2829 st
848 2777 905 2846 quis
930 2775 1015 2847 puella
1038 2776 1148 2848 ingenua
1171 2775 1299 2840 occiserit,
1327 2768 1425 2828 soledis
1447 2771 1504 2828 200.

190 2873 215 2928 5.
229 2874 264 2928 61
283 2876 340 2946 quis
359 2874 461 2928 basilica
478 2875 628 2937 incenderit,
648 2872 744 2928 eoledis
762 2871 823 2928 200.
869 2871 893 2927 6.
914 2873 942 2928 si
961 2875 1019 2945 quis
1037 2873 1149 2946 grafione
1168 2873 1198 2926 ad
1215 2880 1259 2928 'res
1273 2871 1368 2927 alienus
1381 2871 1504 2926 tollendas

190 2974 334 3030 invitaverit
352 2981 378 3026 et
395 2972 522 3046 legiptime
541 2991 598 3028 enm
616 2975 735 3028 iactivum
753 2981 797 3026 aut
815 2971 945 3026 malletum
962 2989 1015 3026 non
1033 2951 1162 3037 hebuerit,
1185 2970 1229 3028 ille
1248 2973 1292 3042 qui
1311 2988 1369 3026 eum
1388 2978 1463 3042 rogat
1478 2977 1505 3022 ut

190 3072 297 3124 iniustae
319 3069 393 3126 tollat
416 3079 549 3142 antequam
572 3070 651 3126 fuerit
673 3079 698 3126 et
718 3070 784 3127 fides
806 3071 872 3124 iacta
893 3069 983 3136 fuerit,
1008 3069 1104 3128 soledis
1130 3066 1190 3126 200.
1244 3066 1269 3122 7.
1294 3069 1323 3124 Si
1345 3069 1404 3140 quis
1423 3065 1503 3139 puella
1518 3079 1541 3116 ιι

190 3177 310 3240 sponsata
333 3169 419 3224 dructe
444 3169 549 3224 ducente
573 3169 605 3224 ad
623 3171 712 3230 marito
732 3169 839 3224 alicuius
858 3170 884 3222 in
902 3171 944 3224 via
963 3187 1016 3224 eanr
1036 3167 1174 3225 adsallierit
1193 3175 1218 3223 et
1236 3185 1291 3222 curn
1309 3168 1365 3240 ipsa
1383 3165 1504 3222 violenter

188 3267 318 3324 mechatus
336 3265 425 3335 luerit,
446 3268 542 3325 soledie
560 3267 620 3325 200.

664 3433 724 3502 Vll.
758 3433 803 3502 De
826 3433 933 3504 soledis
957 3432 1031 3502 600.

277 3563 301 3622 1.
330 3565 358 3622 Si
378 3567 435 3638 quis
453 3583 559 3638 puerum
578 3567 695 3624 erinitum
715 3567 843 3634 occiserit,
863 3567 959 3622 soledis
977 3563 1040 3622 600.
1084 3563 1109 3620 2.
1129 3563 1158 3622 Si
1176 3565 1234 3636 quis
1253 3561 1345 3620 lentius
1360 3561 1503 3622 transhattit

189 3673 218 3720 nt
235 3667 380 3730 moriatur,
391 3663 486 3722 scledis
505 3661 564 3719 600.
617 3663 643 3722 3.
668 3665 697 3722 si
715 3667 773 3738 quis
791 3665 884 3720 femine
902 3667 1012 3740 ingenua
1030 3671 1166 3736 postquam
1184 3662 1294 3720 infantes
1313 3663 1396 3736 eoepit
1414 3661 1502 3716 habere
1516 3674 1538 3714 sa

189 3773 214 3820 et
232 3767 314 3820 occisa
331 3763 420 3830 inerit,
439 3763 534 3820 soledis
552 3761 612 3818 600.
666 3762 691 3818 4.
716 3763 745 3820 Si
764 3765 822 3836 qnia
840 3763 953 3838 grafione
972 3738 1102 3830 occiserit,
1121 3761 1216 3818 soledis
1235 3758 1296 3816 600.
1348 3759 1374 3814 5.
1400 3760 1428 3816 Si
1447 3761 1507 3830 quis.

189 3863 338 3918 secebarnne
362 3863 490 3930 occiserit,
515 3861 611 3918 soledis
634 3858 694 3916 600.
751 3859 776 3916 6.
805 3861 834 3917 si
857 3864 915 3935 quis
937 3863 1034 3918 Franco
1057 3865 1124 3916 inter
1146 3869 1268 3932 quattuor
1291 3857 1357 3916 solia
1382 3859 1502 3921 occiserit,

188 3959 284 4017 soledis
302 3958 362 4016 600.
416 3959 441 4016 7.
466 3961 493 4016 Si
513 3962 570 4032 quis
588 3959 700 4015 Francus
719 3960 843 4015 Francurn
864 3962 994 4027 occiserit,
1013 3953 1188 4016 soledis600.

644 4125 716 4192 vur.
751 4126 794 4192 ne
818 4119 925 4192 serens
952 4123 1045 4194 1800.

277 4256 300 4314 t.
325 4259 354 4314 Si
370 4260 431 4330 ¹quis
449 4257 576 4314 homiuem
593 4259 731 4332 ingenuum
749 4259 776 4312 in
794 4258 868 4314 horte
888 4259 1004 4314 occiserit
1018 4255 1050 4312 ‘et
1065 4258 1091 4310 iu
1107 4253 1255 4310 mortridum
1272 4253 1390 4320 mittitur,
1409 4250 1501 4308 soledis
1515 4263 1535 4307 ιι

189 4354 258 4414 1800
283 4356 414 4427 culpabilis
437 4357 569 4412 indicetur.
621 4357 647 4412 2.
671 4336 699 4412 Si
724 4359 781 4428 quis
803 4355 939 4430 grafionem
959 4357 1075 4410 occiserit
1092 4357 1161 4410 etin
1178 4353 1307 4410 mordrem
1325 4353 1437 4418 miserit,
1461 4368 1502 4405 so-

188 4454 253 4509 ledis
277 4435 354 4510 1800.
407 4453 433 4510 3.
458 4455 487 4510 Si
511 4459 568 4526 quis
592 4455 685 4512 femina
709 4457 818 4528 ingenua
838 4473 886 4527 que
904 4455 1012 4510 infantes
1031 4455 1115 4525 potuit
1131 4452 1223 4516 habere
1242 4461 1267 4506 et
1285 4453 1368 4506 occisa
1386 4450 1461 4506 inerit
1478 4457 1503 4502 et

188 4553 317 4607 mordrida
339 4552 430 4630 fuerit,
454 4547 558 4608 soledis
574 4551 651 4610 1800.
702 4552 728 4608 l.
758 4554 788 4608 Si
812 4555 870 4625 quis
892 4569 998 4625 puerum
1021 4538 1137 4608 crinitum
1157 4553 1273 4607 occiserit
1292 4553 1360 4606 etin
1378 4548 1502 4604 mordrem

188 4653 298 4720 miserit,
322 4650 418 4706 soledis
439 4649 516 4708 1800.
570 4650 595 4706 5.
619 4652 725 4733 Siquis
743 4653 889 4724 episcopum
908 4653 1024 4710 occiserit
1041 4658 1066 4704 et
1083 4652 1109 4706 in
1128 4649 1256 4706 mordrem
1273 4651 1387 4716 miserit,
1408 4646 1500 4702 soledis

189 4745 266 4806 1800.
320 4748 344 4806 6.
370 4750 398 4806 Si
422 4751 479 4826 quis
502 4750 630 4826 legadario
654 4753 708 4826 regi
729 4752 755 4805 in
774 4753 814 4807 via
833 4749 971 4808 adsallierit
988 4759 1014 4806 et
1032 4751 1147 4808 occiserit
1165 4757 1190 4806 et
1209 4751 1236 4805 iu
1254 4749 1381 4806 mordrem
1398 4749 1499 4816 miserit,
1514 4760 1539 4804 to
