3236 5242
524 254 662 310 rnxrus
682 258 713 310 n.
734 249 871 314 72-89.
1059 263 1063 274 ·
1301 231 1350 306 60

68 443 99 500 0.
457 499 464 520 .
650 427 701 508 16,
715 441 755 497 5.·
1563 516 1566 526 ἲ

136 543 171 610 dt
193 545 217 610 si
241 545 346 612 exinde
367 545 440 612 nihil
461 546 574 626 tulerit,
599 547 686 613 malb.
709 545 777 612 leod
791 539 809 626 ¹,
832 567 888 636 pro
911 545 975 612 sola
997 542 1285 610 effractura·solidns
1311 538 1351 608 15
1371 549 1431 610 203.
1564 560 1566 583 ¹

67 661 200 750 culpabilis
222 662 377 730 iudicetur.
1556 640 1560 649 Ι

67 800 99 857 ee.
625 786 776 868 tte-7.

49 925 57 962 r
136 905 175 970 Si
200 907 271 988 quie
301 927 440 987 emnpum
466 906 599 970 alienum
620 907 762 970 araverit
784 919 814 972 et
834 928 894 971 non
917 905 1116 982 seminaverit,
1146 903 1239 970 matt.
1262 897 1354 966 leod*

68 1033 122 1085 erent
140 1021 259 1086 denarii
278 1023 342 1086 000
364 1025 416 1108 qni
434 1024 557 1102 faciant
579 1023 695 1085 solidos
717 1021 762 1084 15
785 1021 948 1105 culpabilis
969 1021 1131 1086 indicetur.

67 1167 98 1224 et.
205 1162 207 1164 ’
342 1230 345 1234 ,
653 1155 703 1236 16,
715 1170 754 1228 9.“

135 1273 168 1339 Si
190 1277 256 1363 quis
279 1287 377 1340 aratro
401 1275 436 1341 de
460 1298 562 1364 eampo
587 1277 681 1340 alieno
699 1289 765 1340 ante
785 1278 926 1350 ostaverit
941 1272 1017 1340 aut*
1032 1275 1185 1339 iactaverit
1200 1285 1252 1337 aut
1266 1281 1355 1336 teste·
1372 1237 1455 1366 &ddi
1558 1266 1561 1285 ’

69 1393 138 1468 verit,
160 1393 247 1458 meib.
275 1385 447 1482 auuerphe⁸
475 1407 544 1460 sunt
573 1392 683 1458 denarii
707 1389 771 1458 600
795 1395 845 1482 qui
867 1389 980 1458 feeiunt
1001 1389 1112 1458 solidos
1137 1386 1177 1456 15
1201 1387 1355 1476 culpabilis

45 1507 200 1576 nindieetur.

68 1645 101 1701 ee.
483 1693 492 1704 .
647 1633 696 1716 16,
711 1649 767 1708 tt·

139 1749 170 1817 Si
193 1754 258 1842 quis
282 1753 430 1818 mulierem
452 1717 561 1819 bracile
583 1752 734 1832 furaverit,
758 1752 844 1818 malb.
865 1745 972 1818 subtn⁴
994 1764 1063 1817 sunt
1087 1747 1149 1818 120
1172 1750 1282 1818 denarii
1306 1749 1357 1838 qui

70 1861 160 1933 iniunt
181 1869 292 1935 solidos
316 1867 335 1934 3
360 1869 512 1957 culpabilis
535 1869 690 1936 iudicetur.
725 1869 759 1938 Si
782 1872 847 1958 quis
871 1893 967 1936 casam
990 1869 1111 1934 alienam
1127 1873 1189 1935 sine
1204 1868 1356 1936 eonsilium

71 1983 161 2050 donini
187 1989 234 2051 sui
261 1989 400 2064 traxerit,
429 1987 517 2053 melb.
542 1981 735 2054 alachiseid0⁸
767 1985 851 2053 1200
880 1987 1015 2064 denarios
1039 1989 1090 2076 qui
1112 1985 1224 2052 iaciunt
1246 1983 1357 2051 solidos

44 2115 60 2160 n
71 2098 102 2164 30
121 2102 268 2192 culpabilis
290 2099 444 2170 iudicetur.

70 2236 102 2294 ee.
630 2228 785 2310 16‚1e.1r.

140 2337 179 2411 [Si
200 2340 264 2416 quir
286 2341 316 2398 in
337 2339 446 2415 furtum
470 2340 592 2417 aliquem
615 2341 712 2399 docere
736 2341 855 2398 noluerit
876 2349 907 2398 nt
924 2339 1062 2399 hominem
1079 2340 1232 2417 interficiat
1250 2349 1277 2400 et
1292 2339 1358 2399 inde

75 2439 170 2508 pretium
188 2441 324 2514 accipiat,
342 2439 428 2497 meld.
444 2447 572 2498 annena·
589 2439 663 2496 4000
678 2442 814 2500 denarios
831 2441 879 2515 qui
894 2438 1007 2512 faciunt
1018 2441 1126 2498 solidor
1138 2439 1193 2497 100
1206 2439 1359 2515 culpabilis

81 2543 207 2618 indicetne]
243 2543 276 2610 Si
305 2549 370 2634 quis
397 2549 428 2610 in
457 2543 568 2610 furtum
597 2545 692 2634 alique
722 2545 851 2610 aeloeare
874 2545 1000 2610 voluerit
1030 2542 1071 2627 [et
1099 2569 1158 2611 nnn
1185 2543 1298 2627 feeerit]
1325 2558 1360 2610 ut
1376 2562 1436 2623 206,

50 2651 196 2726 reheninem
225 2661 381 2727 interficiat
410 2675 440 2728 et
466 2666 594 2750 pretium
623 2663 660 2728 ab
689 2661 746 2727 hne
775 2661 914 2750 acciperit
942 2675 971 2727 et
995 2686 1056 2727 non
1079 2661 1179 2729 iecerit
1201 2666 1248 2729 eui
1270 2661 1360 2729 fuerit

74 2771 254 2861 adprobatum,
278 2779 367 2850 natb.
386 2774 571 2846 seulendefa'
593 2793 664 2846 sunt
686 2775 797 2846 denarii
820 2777 906 2846 2500
930 2782 980 2868 qui
1002 2777 1115 2847 iaciunt
1136 2779 1248 2846 solidos
1271 2773 1354 2864 627,

74 2891 204 2980 culpabilis
225 2894 380 2962 indicetur.

72 3023 104 3082 er.
615 3019 664 3101 16,
678 3035 799 3094 17-20.

143 3136 173 3203 Si
194 3159 264 3204 vero
292 3151 362 3228 post
388 3141 478 3222 tercia
507 3139 668 3206 elocatione
696 3145 761 3229 ipsa
789 3142 959 3205 transmisse
981 3139 1084 3219 fuerit,
1115 3137 1201 3206 2500
1224 3140 1359 3206 denarios

37 3264 58 3310 rs
72 3253 112 3336 qui
136 3252 242 3322 iaciunt
269 3256 379 3322 solidos
409 3255 451 3323 62
460 3252 490 3342 7,
519 3259 673 3346 culpabilis
699 3258 853 3323 indicetur.
899 3258 1016 3336 iliorum
1039 3257 1193 3345 culpabilis
1215 3257 1361 3324 iudicetur

71 3368 104 3432 sie
123 3369 206 3453 dens,
228 3385 365 3461 portent,
390 3377 515 3463 quisque
538 3375 655 3441 illorum
680 3375 834 3463 culpabilis
856 3373 1010 3442 iudicetur.

70 3511 105 3570 ee.
644 3507 695 3588 16,
708 3522 768 3581 22·

144 3637 193 3692 eut
213 3625 381 3694 anniculam.
902 3719 903 3724 ἵ

69 3749 105 3815 ee.
275 3755 282 3766 ‘
413 3827 415 3836 ‚
631 3727 786 3831 162165.

34 3881 56 3922 ³⁰
146 3865 177 3934 Si
197 3891 268 3936 vern
291 3891 408 3935 menum
431 3868 611 3958 eapulaverit
632 3883 661 3934 et
683 3872 747 3958 ipse
762 3892 864 3937 manea
882 3893 971 3958 super
987 3893 1052 3936 eum
1067 3871 1247 3958 pependerit,
1271 3869 1358 3939 meib.

71 3977 218 4050 thaninis⁸
245 3999 314 4052 sunt
342 3985 452 4052 denarii
483 3983 567 4051 1800
596 3989 646 4074 qni
676 3985 788 4053 faciunt
815 3987 925 4053 solidos
953 3986 996 4054 45
1025 3988 1179 4075 culpabilis
1205 3989 1359 4055 iudicetur.

69 4091 102 4159 dt
125 4103 148 4164 si
174 4104 238 4190 ipsa
266 4125 369 4168 manus
394 4123 580 4192 perexcussa¹
595 4100 697 4181 suerit,
722 4105 810 4170 melb.
835 4099 953 4171 seethe⁹
975 4117 1044 4169 sunt
1067 4104 1176 4170 denarii
1200 4104 1286 4171 2500
1310 4102 1360 4196 qui
1427 4093 1430 4100 ¹

67 4208 168 4284 faciunt
187 4218 297 4286 solidos
320 4217 362 4286 62
371 4213 402 4305 ¹l,
430 4217 584 4308 eulp'abilie
606 4218 760 4288 iudicetur.

66 4399 105 4459 82.
130 4409 148 4479 ἱ)
164 4409 205 4467 ea
223 4409 247 4468 e.
270 4410 385 4468 reaten
399 4411 445 4468 ,10.
768 4385 794 4486 Ἰ)
812 4414 854 4471 na
872 4411 896 4470 e.
921 4413 1075 4473 nannenten
1096 4415 1137 4474 10.

66 4489 105 4547 83·
130 4500 148 4568 ¹)
165 4499 205 4556 itn
223 4501 248 4556 6.
266 4501 380 4558 leodardi
392 4502 417 4559 2.
430 4500 455 4559 7.
468 4502 492 4558 9.
511 4501 571 4561 leud
582 4498 607 4562 8.
626 4500 681 4560 leu·
734 4502 776 4562 86.
804 4508 825 4575 ⁶)
843 4506 884 4561 r'ta
903 4505 943 4562 10.

68 4579 131 4639 dardi
149 4588 188 4646 10.
774 4597 793 4666 ¹)
811 4595 853 4652 ita
872 4595 896 4650 6.
920 4614 966 4650 seu
984 4597 1060 4654 lande
1080 4597 1119 4654 efa
1138 4596 1179 4653 10.

67 4665 478 4743 ΜἺΜ6ΜΜώΗο
734 4683 987 4754 fflqmdffl.

66 4751 107 4812 85.
131 4765 150 4831 ⁴)
166 4765 207 4823 ita
224 4767 249 4825 6.
273 4771 366 4826 subthn
387 4771 428 4826 10.
735 4774 777 4830 00.
804 4778 824 4844 ⁹)
842 4775 883 4832 r'ta
901 4774 926 4831 6.
952 4778 1038 4834 snehte
1057 4776 1097 4834 10.
