3236 5242
197 227 246 301 94
683 243 842 294 rnouocr.
885 239 1032 295 nrruoar.

197 443 271 512 quae
293 420 418 488 Romani
441 422 508 509 igne
531 429 731 485 cremaverant
748 418 795 482 vel
817 416 895 483 ferro
913 426 1125 482 truncaverant
1142 413 1189 480 vel
1207 411 1309 480 bestiis
1327 412 1509 488 lacerandum

193 543 393 631 proiecerant,
417 536 522 604 Franci
545 558 635 624 super
657 558 706 602 eos
730 556 833 602 aurum
858 547 887 600 et
907 531 1021 621 lapides
1042 535 1196 623 preciosos
1219 544 1409 601 ornaverunt.
1608 521 1609 526 ἵ

832 724 875 801 V.

282 889 398 956 Placuit
425 901 512 978 atque
542 889 680 954 convenit
703 889 779 953 inter
801 885 932 962 Francos
955 897 1108 952 eteorum
1131 905 1285 974 proceres,
1315 897 1349 952 ut
1370 905 1426 974 pro
1451 907 1511 954 ser·
1608 875 1609 926 l

194 1008 292 1076 vando
321 1011 397 1074 inter
425 1029 456 1072 se
483 1008 565 1094 pacis
594 1004 692 1070 studio
723 1007 821 1070 omnia
850 1007 1027 1070 incrementa
1049 1006 1181 1068 rixarum
1204 1024 1336 1068 resecare
1359 1001 1536 1081 deberent,e
1608 1023 1609 1028 ¹

195 1142 224 1194 et
252 1129 320 1216 qnia
349 1126 452 1192 ceteris
479 1122 616 1213 gentibus
639 1126 723 1188 iuxta
747 1125 905 1210 sepositis
928 1119 1116 1220 fortitudinis⁸
1133 1119 1255 1188 brachio
1278 1119 1510 1208 praeminebant,

194 1247 236 1310 ita
265 1247 350 1310 etiem
379 1243 452 1330 legis
481 1244 655 1306 auctoritate
683 1241 892 1328 praecellerent
919 1252 953 1305 ut
980 1241 1063 1304 iuxta
1091 1238 1260 1328 qualitatem
1284 1259 1438 1304 causarum
1462 1259 1510 1303 su·
1608 1229 1609 1240 ¹

194 1375 285 1428 meret
311 1360 466 1426 criminalis
491 1361 566 1428 actio
590 1360 754 1424 terminum.
801 1357 972 1424 Extiterunt
994 1360 1085 1447 igitur
1106 1359 1182 1422 inter
1204 1379 1255 1422 eos
1279 1355 1363 1422 electi
1386 1355 1423 1421 de
1445 1355 1509 1444 plu·
1608 1383 1609 1394 ι

194 1480 277 1546 ribus
300 1479 357 1542 viri
381 1489 522 1565 quattuor
543 1477 590 1541 his
608 1473 776 1546 nominibus
793 1478 964 1564 uuisogaste
981 1474 1124 1565 salegaste
1140 1487 1275 1564 arogaste
1290 1487 1319 1539 et
1333 1472 1507 1562 uuidogaste
1608 1511 1609 1540 ι

195 1595 237 1680 [iu
259 1595 335 1672 villis
365 1615 422 1683 que
451 1594 528 1659 ultra
551 1593 666 1658 Renum
695 1605 764 1658 sunt
793 1594 822 1654 in
850 1591 1015 1657 bodechem
1039 1605 1069 1656 et
1091 1592 1233 1657 salechem
1256 1604 1285 1656 et
1307 1586 1506 1670 unidocheml.
1523 1613 1547 1655 ro

195 1718 244 1804 qui
272 1735 326 1802 per
354 1725 412 1777 tres
441 1711 543 1776 mallos
571 1712 775 1776 convenientes
805 1731 905 1774 omnes
934 1731 1089 1774 cansarum
1114 1688 1241 1798 origines
1265 1708 1389 1775 sollicite
1412 1706 1507 1773 discu·
1608 1763 1609 1800 ,

193 1831 293 1898 tiendo
316 1842 474 1898 tractantes
498 1828 638 1894 iudicium
662 1827 855 1892 decreverunt
878 1823 947 1910 [hoc
970 1824 1083 1909 modd].

192 2183 368 2272 =Explicit
390 2183 439 2248 lex
462 2183 560 2270 selega
584 2183 634 2269 qui
657 2201 727 2245 vero
753 2201 823 2246 cun·
921 2179 1051 2268 Explicit
1072 2180 1135 2268 lege
1150 2177 1239 2244 salica
1255 2174 1328 2241 liber
1343 2175 1387 2240 lll.
1418 2173 1507 2260 Quem
1608 2169 1609 2172 ’

114 2313 129 2396 J
193 2304 266 2368 lacio
287 2299 362 2388 inira
377 2301 432 2364 hae
447 2299 539 2364 libros
554 2295 601 2364 llll
617 2301 764 2364 continere
779 2300 823 2362 vi·
878 2321 947 2363 vero
963 2321 1017 2363 rex
1029 2298 1210 2366 Francorum
1225 2295 1338 2372 statuit,
1361 2305 1391 2358 et
1405 2304 1501 2381 postea

194 2420 282 2485 ditur.
299 2418 415 2482 Primus
430 2439 483 2482 rex
494 2417 674 2482 Francorum
691 2418 822 2480 statuita
876 2439 936 2481 una
953 2439 1018 2480 cunr
1034 2415 1154 2486 Francis
1170 2412 1377 2500 pertractavit,
1401 2423 1437 2474 ut
1451 2421 1531 2474 tresu

192 2539 287 2624 primo
316 2533 434 2599 titulum
460 2556 555 2622 usque
577 2533 654 2598 LXll
677 2532 824 2620 disposuit
875 2535 979 2598 titulos
1003 2528 1114 2620 aliquid
1135 2530 1260 2618 amplius
1280 2525 1410 2604 adiuerit,
1435 2527 1507 2591 sicut

193 2651 332 2734 iudicare.
348 2650 506 2738 postmodo
520 2664 615 2716 autem
628 2663 744 2738 tempus
757 2673 822 2714 cum
877 2673 893 2715 a
916 2652 1012 2738 primo
1036 2651 1078 2714 ita
1100 2669 1194 2736 usque
1219 2644 1258 2710 ad
1279 2641 1429 2710 LXXVlll
1443 2663 1506 2730 per·

193 2770 343 2835 obtimatis
366 2771 427 2834 suis
450 2749 570 2832 alell
588 2768 706 2834 titolum
730 2789 823 2856 usque
877 2766 997 2832 duxere.
1049 2764 1162 2830 Deinde
1195 2783 1267 2828 vero
1302 2758 1507 2830 childebertus

192 2885 230 2950 ad
245 2885 393 2973 Lxxvm
417 2883 545 2950 addedit.
582 2883 631 2950 Sic
654 2905 724 2950 vero
743 2883 823 2951 Chil-
875 2897 945 2971 post
979 2883 1102 2948 multum
1135 2895 1252 2968 tempus
1285 2879 1439 2954 tractavit,
1477 2889 1508 2942 ut

192 3002 331 3068 dehertus
347 3024 402 3066 rex
416 3014 486 3089 post
500 3003 623 3067 multum
639 3017 735 3068 autern
751 3015 823 3068 tem·
877 2999 1023 3089 quidquid
1044 3002 1175 3064 invenire
1197 2998 1342 3086 potuerit,
1368 2992 1451 3084 quod
1468 2992 1508 3059 ibi
1523 3010 1546 3050 ιι

192 3143 249 3207 pus
271 3094 473 3206 pertractavit,
497 3119 569 3206 quid
584 3118 690 3186 addere
706 3119 821 3185 debirit.
877 3139 943 3182 cum
970 3119 1031 3182 suis
1057 3117 1178 3181 Francis
1203 3113 1312 3179 addere
1333 3111 1469 3188 deberet,
1492 3133 1509 3174 at
1608 3113 1609 3180 l

192 3212 424 3302 rriacxxvm
439 3235 823 3324 usquoeetxxxurper-
876 3233 1023 3300 cxxvm
1046 3233 1139 3322 usque
1160 3231 1312 3297 cxxxiv
1334 3231 1507 3318 pertovent,

192 3353 313 3428 invenit,
339 3350 419 3439 quod
437 3351 538 3416 ibidim
555 3353 642 3442 digne
657 3355 823 3440 inposuisse
877 3351 958 3440 quod
981 3351 1023 3416 ihi
1045 3349 1132 3440 digne
1153 3352 1335 3438 inposuisset
1357 3349 1509 3437 cognosci·
1608 3349 1609 3442 ]

192 3483 365 3546 noscuntur,
390 3471 482 3533 etsie
506 3468 589 3535 fratri
612 3491 666 3534 suo
691 3469 822 3536 Clotario
876 3483 934 3535 tur.
985 3469 1093 3536 lterum
1127 3489 1194 3533 eum
1227 3467 1285 3532 hoc
1319 3466 1377 3532 hus
1407 3466 1509 3532 titulus
1608 3453 1609 3486 ¹

192 3588 246 3653 hoc
266 3589 376 3674 scripta
396 3588 565 3651 transmisit.
596 3585 668 3652 Post
683 3589 737 3654 hec
752 3597 823 3653 vero
877 3585 1068 3654 chlotharius
1091 3609 1107 3650 a
1130 3607 1269 3674 germano
1292 3605 1347 3649 suo
1366 3587 1510 3650 seniorem
1524 3603 1547 3648 re

194 3703 343 3770 Clotcrius
367 3725 433 3767 cum
456 3703 511 3766 hos
528 3704 632 3769 titulus
650 3729 665 3768 a
683 3729 821 3795 germano
876 3728 961 3770 suum
991 3703 1148 3794 gradenter
1170 3705 1288 3790 excipit.
1325 3703 1368 3766 sic
1391 3714 1420 3767 et
1448 3703 1509 3789 ipse

193 3843 248 3886 suo
264 3823 379 3889 seniore
393 3833 543 3909 gratenter
558 3823 681 3908 excepit.
711 3827 753 3888 sic
768 3846 823 3911 po·
876 3823 1007 3888 similiter
1031 3844 1096 3890 curn
1118 3841 1241 3909 regnum
1265 3841 1351 3887 suum
1374 3821 1509 3906 perinve-

192 3943 249 4006 stia
264 3961 331 4005 eum
345 3941 460 4028 rignum
473 3959 558 4002 suum
569 3943 769 4026 pertractavit,
790 3953 824 4005 ut
875 3944 934 4018 nit,
963 3953 997 4006 ut
1019 3939 1055 4006 ab
1079 3938 1233 4010 LXXXIV
1255 3936 1391 4014 adderet,
1418 3949 1448 4003 et
1470 3939 1510 4002 ita

193 4055 264 4146 quid
282 4055 389 4121 addere
405 4054 512 4120 debirit
527 4055 650 4134 ibidem,
674 4056 745 4145 quid
763 4081 823 4122 am·
875 4057 1036 4146 perfectum
1069 4057 1220 4147 perduxit.
1264 4067 1293 4121 et
1325 4053 1394 4120 indo
1428 4055 1510 4144 quod

191 4173 824 4262 pliusdibiatconstruhcre,abLXXXVllll
874 4179 938 4264 ipse
966 4179 1078 4242 invenit
1104 4175 1224 4240 fratrem
1253 4195 1339 4239 snum
1366 4175 1540 4260 rescriptam

192 4291 296 4357 titolus
317 4312 412 4379 usque
436 4286 472 4356 ad
488 4291 576 4360 LXlll
591 4294 694 4358 statuit
708 4315 823 4380 perma-
876 4293 992 4359 direxit.
1040 4292 1090 4360 Sic
1117 4295 1198 4358 inter
1222 4293 1263 4356 eis
1294 4293 1446 4367 convenit,
1476 4303 1508 4354 ut

191 4431 269 4474 nero.
295 4420 324 4474 et
338 4411 380 4473 sie
395 4421 498 4496 postea
511 4407 600 4475 lratro
613 4431 668 4476 suo
680 4413 822 4498 rescripta
875 4414 932 4478 ista
949 4413 1046 4478 omnia
1063 4405 1139 4503 quac
1155 4412 1373 4480 constituerunt
1387 4419 1507 4478 starent.

193 4525 309 4591 direxit.
344 4523 382 4590 llt
402 4529 442 4591 ita
465 4529 542 4592 inter
562 4530 602 4596 cis
622 4530 767 4604 convinit,
790 4541 823 4592 ut
1081 4541 1082 4546 ’

154 4691 156 4698 .
192 4654 237 4706 sta
265 4643 362 4708 omnia
385 4646 462 4712 sicut
485 4647 630 4713 anteriore
654 4655 822 4712 constructa

193 4770 311 4832 starent.

697 4849 959 4866 Μια-
