3236 5242
66 1329 82 1384 1.
213 1359 216 1366 -
574 1310 687 1401 pag.9,
710 1311 831 1380 lin.30.·
944 1307 946 1314 ’

134 1431 278 1520 Ingenuus
301 1434 326 1496 si
349 1431 454 1524 aneilla
476 1430 572 1497 aliena
594 1429 742 1518 prisserit‚
767 1406 900 1494 similiter
920 1425 1084 1517 pariatur*
1380 1413 1442 1540 {3⁰

65 1582 82 1635 2.
627 1561 678 1644 10,
692 1575 780 1632 t-a.
912 1643 915 1650 ¹
1547 1606 1551 1681 ἱ

135 1681 166 1750 Si
190 1704 259 1748 vare
283 1683 449 1748 Romanum
473 1683 588 1750 Franco
611 1682 706 1770 saligo
730 1681 927 1770 expoliaverit
949 1693 979 1746 et
1001 1693 1080 1746 eerta
1101 1701 1162 1747 non
1183 1680 1285 1761 luerit,
1309 1705 1363 1772 per
1381 1700 1423 1756 aa.
1548 1690 1552 1749 3

46 1798 96 1868 ⁵25
121 1823 149 1866 se
177 1803 322 1866 iuratores
352 1800 490 1868 exsolbat
515 1799 629 1865 medius
650 1811 748 1864 tamen
772 1797 890 1864 electus.
927 1820 958 1863 se
981 1799 1127 1864 iuratores
1149 1821 1210 1864 non
1232 1771 1365 1888 potueril
1549 1766 1560 1819 μ

64 1918 183 1994 invenire,
207 1917 295 1984 malb.
312 1911 436 1984 murdo¹
458 1929 511 1984 aut
533 1915 572 1988 ad
595 1916 686 1982 inium
709 1891 834 1982 ambrlit
857 1927 910 1982 aut
932 1912 1019 1982 2500
1040 1915 1171 1982 dinarios
1187 1919 1238 2005 qui
1252 1916 1364 1984 iaciunt

65 2019 156 2098 solidos
185 2007 268 2118 62¹¹),
297 2033 451 2122 culpabilis
475 2032 631 2100 iudicetur.
679 2037 786 2130 Sitvaro
806 2045 873 2092 eertr
891 2036 1009 2110 probatio
1029 2054 1080 2091 non
1100 2036 1185 2104 luerit,
1203 2037 1238 2092 20
1253 2056 1280 2094 re
1294 2039 1361 2094 iura·

65 2153 117 2202 terea
139 2145 253 2212 exsolvat
275 2146 375 2202 medius
398 2154 482 2228 tamea
505 2145 602 2202 ellatur.
622 2163 650 2202 re
669 2147 794 2202 iuratores
812 2162 864 2200 non
883 2146 994 2218 potuerit
1011 2145 1138 2210 invenire,
1162 2145 1237 2200 malb.
1255 2145 1361 2202 murdo¹

64 2253 110 2299 ruat
127 2244 237 2302 dinarius
258 2242 327 2300 1200
345 2243 442 2302 iaciunt
459 2243 558 2302 solidor
577 2243 612 2302 30
630 2247 652 2299 ri
671 2244 825 2318 adprobatus
844 2241 921 2314 luerit
940 2241 1070 2326 aplpabilia
1088 2242 1222 2300 iudicetur.

33 2395 53 2438 ιο
64 2376 82 2434 3.
646 2363 766 2444 10‚1t.·

132 2481 193 2548 *Si
219 2486 288 2568 qaa'r
315 2483 465 2548 laominem
487 2484 685 2548 dormientem
710 2479 754 2566 [ia
774 2477 905 2568 furtum]
929 2482 1138 2564 expoliaverit
1160 2495 1191 2548 et
1213 2486 1244 2547 εἰ
1262 2485 1362 2564 faerit
1380 2499 1441 2558 ο43.
1503 2484 1508 2502 ‘

65 2599 275 2694 tropaeorum„
289 2602 381 2668 mall.
403 2594 627 2682 friomaardum¹
653 2613 727 2666 rarat
752 2601 890 2664 dinarios
913 2600 1000 2662 4000
1022 2603 1078 2684 qai
1096 2601 1220 2678 sariunt
1243 2602 1360 2666 solidor
1429 2583 1432 2588 ¹

66 2715 112 2778 too
136 2717 303 2799 culpabilia
333 2719 495 2783 iudicetur.
540 2716 574 2784 Si
602 2721 668 2806 quis
696 2719 844 2784 hominem
871 2730 1020 2784 mortuum
1048 2730 1205 2806 antequam
1231 2721 1361 2786 interra

70 2825 177 2904 mittatur
199 2837 230 2900 in
253 2833 365 2902 furtum
389 2835 584 2924 expoliaverit
607 2837 654 2922 eui
676 2834 766 2901 luerit
780 2821 986 2922 adprobatuln,
1010 2834 1099 2902 malla.
1115 2827 1278 2902 noreboro⁸
1292 2849 1363 2902 sunt

39 2946 175 3018 ralirarios
204 2949 292 3018 4000
322 2954 373 3041 qui
400 2950 512 3018 faciunt
541 2951 652 3018 solidos
675 2950 748 3018 100
777 2950 931 3040 culpabilis
960 2949 1115 3016 iudicetur.
1161 2948 1196 3018 si
1218 2953 1285 3040 quis
1307 2953 1362 3020 ho·

67 3069 149 3136 mirem
174 3065 348 3152 [mortuum]
373 3067 532 3136 exfodierit
554 3083 584 3136 et
606 3069 815 3158 expoliaverit,
838 3067 927 3133 malb.
951 3055 1116 3133 trirnieale⁴
1138 3080 1208 3134 sunt
1230 3067 1360 3136 dinarios

64 3181 132 3252 8000
154 3190 206 3277 qui
227 3183 340 3254 faciunt
361 3185 474 3254 solidos
496 3184 564 3254 200
586 3190 633 3254 rui
655 3186 744 3260 luerit
765 3183 963 3274 adprobatum
984 3184 1140 3274 culpabilis
1162 3183 1339 3254 iudicetur*
1381 3202 1460 3263 ηδτ,

60 3329 81 3384 r.
654 3320 758 3402 11‚1.·

90 3431 112 3490 Si
135 3438 191 3510 quir
215 3453 273 3494 eata
291 3435 379 3492 eletem
398 3435 478 3494 ralina
495 3435 634 3494 incenderit
652 3444 677 3490 et
764 3437 801 3492 lia
819 3433 893 3492 leude
912 3433 1010 3490 rolirloa
1028 3431 1089 3490 200.
1109 3437 1150 3492 eui
1166 3453 1223 3492 rara
1235 3437 1359 3498 artmalb.
1377 3491 1379 3498 ,
1427 3493 1431 3500 ,

20 3547 41 3586 rr
58 3532 160 3590 alluerit
173 3535 348 3610 adprobatum,
366 3535 441 3590 malla.
455 3534 613 3592 nlthifathia⁵
628 3535 676 3588 hoc
730 3531 795 3590 anda
813 3533 868 3588 dil·
885 3531 955 3590 2500
970 3533 1081 3590 dinarios
1098 3538 1141 3608 qui
1154 3535 1250 3594 iaciunt
1261 3535 1359 3596 rolitlor

56 3639 93 3684 eat
106 3632 171 3690 2500
190 3611 301 3690 dinarios
321 3637 366 3706 qui
384 3634 479 3690 feriunt
497 3633 595 3690 solidor
607 3630 641 3690 62
649 3637 674 3702 Ἰ,
729 3632 795 3701 622Ι
818 3632 950 3706 culpabilia
968 3632 1103 3689 iudicetur.

55 3729 176 3802 culpabilis
194 3733 328 3790 iudicetur.

53 3863 77 3917 t.
654 3849 691 3920 ll
715 3865 756 3923 5.·

134 3965 181 4024 'Sl
204 3967 336 4024 Romanus
360 3967 569 4022 hor'Romatrum
593 3904 722 4024 admiserit
746 3976 771 4023 et
794 3975 859 4024 certa
882 3968 998 4041 probatio
1021 3983 1074 4022 non
1097 3966 1186 4033 luerit,
1207 3983 1252 4039 per
1273 3965 1309 4023 20
1332 3985 1360 4023 se
1378 3975 1441 4033 ⁸45,
1555 4016 1558 4029 .

12 4081 36 4124 rr
52 4063 170 4122 iuratores
194 4065 311 4123 exrolbat
334 4067 434 4122 medius
456 4074 540 4120 tamen
565 4064 668 4122 electus.
699 4083 726 4122 ee
749 4069 870 4122 iuratorie
893 4067 1011 4123 invenire·
1028 4083 1080 4120 non
1103 4067 1226 4138 potuerit,
1249 4074 1310 4120 tune
1328 4066 1360 4121 ael

49 4163 127 4218 inium
144 4165 260 4234 arabunt,
279 4165 327 4221 hoe
346 4164 434 4220 dieunt
451 4162 526 4220 malb.
544 4162 677 4221 leodeeal'
695 4173 756 4223 runt
774 4166 886 4222 dinarius
906 4163 974 4222 1200
991 4163 1087 4221 faciunt
1105 4163 1204 4221 relidas
1221 4162 1256 4220 30
1275 4164 1360 4238 eulpa-

49 4260 110 4316 bilir
125 4264 254 4322 iudicetur.

45 4459 72 4514 2.
108 4457 125 4529 ¹)
146 4461 186 4519 ita
203 4461 229 4519 2.
666 4500 670 4508 .
767 4461 788 4532 ⁴)
810 4459 852 4518 ita
874 4460 900 4518 2.
927 4463 1090 4520 torneelallir
1108 4463 1163 4518 rive
1181 4461 1314 4516 otoearina
1332 4459 1358 4518 6.

45 4547 72 4604 3.
106 4550 125 4618 ’)
146 4551 185 4608 ita
201 4552 225 4608 2.
249 4549 401 4608 ireomurrlo
419 4549 444 4607 o.
469 4549 518 4606 trie
531 4551 632 4606 morito
649 4547 674 4607 ⁷.
728 4549 883 4605 thurrielralt
901 4549 942 4606 10.
967 4587 970 4594 ·
1188 4591 1191 4596 -

45 4640 231 4713 prtomoeirloss.
241 4640 444 4697 priamidae.
454 4641 625 4695 ehreomoado
634 4639 674 4695 10.
727 4640 752 4694 l.
780 4643 800 4708 ⁸)
822 4640 865 4696 ilar
883 4640 907 4694 1.
1141 4641 1162 4714 ⁸)
1185 4638 1230 4698 t'la
1244 4638 1270 4696 2.

87 4728 111 4808 ⁸)
126 4726 165 4785 ita
173 4730 196 4789 2.
210 4732 396 4792 circumretita
405 4727 431 4793 6·
446 4731 521 4826 obpro
531 4731 621 4792 terralo
633 4727 675 4790 10.
728 4729 753 4788 t.
781 4733 800 4802 'l
824 4728 867 4786 ila
884 4727 909 4790 2.
