3236 5242
435 240 574 296 saurus
595 243 626 294 e.
641 237 707 300 aaa.
723 237 789 299 ara.
832 243 862 295 o.
881 237 1054 302 aas-ass.
1358 221 1406 298 83

80 449 145 508 am
616 422 830 507 'dm-m

172 551 205 618 Si
235 554 300 640 quis
326 571 394 617 vero
426 541 537 616 canem*
554 549 706 616 custodem
736 548 840 614 domus
870 551 932 614 sivo
961 551 1051 615 curtis
1080 553 1131 639 qui
1154 550 1310 640 die'ligari
1333 553 1409 618 solet

79 693 119 734 ne
149 668 288 746 damnum
316 667 405 734 iaciat
432 681 501 756 post
527 670 601 736 solis
622 689 760 735 occasum
783 667 912 732 solutum
936 666 1051 733 iuratus
1074 667 1163 733 luerit
1186 669 1232 733 vel
1257 669 1406 748 occiderit,

80 785 149 852 600
179 785 309 852 dinarios
339 788 388 874 qui
417 783 669 854 iaciunt,solidos
701 784 741 852 15
771 783 926 872 culpabilis
956 784 1103 850 iudicetur
1133 799 1257 874 excepto
1284 787 1407 874 capitale

50 916 113 968 set
135 901 278 968 delatura.
317 900 350 968 Si
373 905 438 991 quis
463 925 532 970 vero
557 927 657 972 canem
681 916 830 993 pastorem
852 901 965 968 iuratus
987 901 1076 970 luerit
1092 904 1138 970 vel
1162 901 1316 982 occiderit,
1344 901 1407 986 120
1456 915 1459 924 “
1483 895 1488 906 ’

81 1008 215 1088 dinarios
230 1021 289 1110 -qui
312 1017 424 1088 iaciunt
446 1021 558 1092 solidos
583 1021 603 1091 3
628 1020 782 1110 culpabilis
806 1019 961 1088 iudicetur.
1016 1053 1018 1060 v

79 1183 161 1244 280..
666 1172 719 1251 73,
729 1183 772 1242 33.
782 1183 824 1240 31.

171 1287 206 1356 Si
234 1291 299 1379 quis
329 1302 472 1356 turturem
500 1291 535 1356 de
558 1305 619 1358 rete
643 1291 761 1357 alterius
786 1299 839 1354 aut
862 1287 1022 1377 quamlibet
1045 1273 1188 1354 aviculam
1212 1289 1248 1355 de
1273 1287 1407 1377 quolibet

79 1409 188 1495 laqueo
213 1408 260 1472 vel
285 1407 418 1496 decipula
441 1407 555 1475 iuratus
579 1408 683 1487 luerit,
714 1403 777 1474 120
801 1407 931 1472 dinarios
957 1407 1007 1494 qui
1030 1404 1142 1472 iaciunt
1166 1406 1277 1475 solidos
1302 1405 1321 1472 3
1346 1407 1407 1472 cul-

42 1543 62 1587 ιο
78 1524 189 1612 pabilis
213 1523 359 1593 iudicetur
382 1539 506 1615 excepto
531 1527 652 1614 capitale
676 1539 705 1591 ct
728 1523 869 1590 delatura.

79 1691 141 1750 281.
598 1679 651 1759 73,
664 1691 706 1749 ill.
732 1676 890 1757 illl-l.

149 1783 219 1862 'tle
242 1793 357 1861 luctis
380 1795 564 1863 arborum.
605 1797 638 1864 Si
663 1799 728 1888 quis
751 1798 918 1885 pomarium
942 1796 1004 1860 sive
1023 1794 1182 1883 quamlibet
1200 1793 1335 1860 arborem
1352 1795 1405 1861 do·

79 1915 229 1982 mesticam
253 1911 337 1979 entra
361 1913 524 1980 clausuram
549 1913 692 1983 exciderit
715 1927 767 1979 aut
788 1911 903 1978 iuratus
926 1911 1023 1992 luerit,
1051 1909 1114 1977 120
1138 1911 1269 1978 dinarios
1294 1916 1345 2004 qui
1362 1913 1405 1980 la-

81 2035 162 2096 clunt
190 2013 302 2096 solidos
334 2028 353 2095 3
384 2031 538 2120 culpabilis
566 2031 713 2097 iudicetur
741 2043 866 2118 excepto
891 2030 1013 2118 capitale
1038 2042 1067 2096 et
1090 2028 1231 2096 delatura.
1279 2029 1313 2096 Si
1338 2034 1403 2119 quis

42 2173 64 2215 ta
81 2171 150 2214 vero
175 2149 342 2238 pomarium
366 2163 418 2214 aut
441 2148 601 2238 quamlibet
623 2148 760 2214 arborem
783 2147 972 2212 domesticam
990 2146 1065 2212 inira
1081 2147 1246 2212 clausuram
1263 2149 1404 2216 exciderit

81 2279 131 2332 aut
155 2265 272 2332 iuratus
295 2264 398 2344 luerit,
430 2263 495 2331 600
518 2265 648 2330 dinarios
673 2269 723 2354 qui
746 2257 859 2330 iaciunt
880 2263 991 2330 solidos
1017 2261 1056 2330 15
1081 2264 1234 2352 culpabilis
1257 2265 1404 2331 iudicetur

84 2395 205 2472 excepto
231 2382 354 2470 capitale
378 2395 407 2450 et
429 2381 569 2450 delatura.
614 2383 696 2448 Hane
720 2405 839 2472 quoque
862 2383 954 2474 legem
978 2395 1007 2448 et
1030 2381 1066 2450 de
1089 2381 1201 2450 vitibus
1224 2381 1328 2450 furatis
1349 2383 1403 2478 qb-

88 2503 191 2568 servari
214 2502 361 2568 iussimus.

84 2666 139 2724 282.
274 2687 276 2692 ¹
693 2652 744 2734 td,
758 2666 799 2722 1.·

47 2794 67 2832 ro
169 2769 203 2837 Si
233 2773 299 2860 quis
328 2767 359 2836 in
387 2772 461 2837 silva
490 2773 610 2838 alterius
637 2773 827 2840 materiamen
849 2770 965 2837 iuratus
988 2770 1077 2838 luerit
1099 2785 1151 2838 aut
1173 2770 1334 2838 incenderit
1357 2773 1403 2838 vel

80 2887 321 2976 coucapulaverit
343 2867 394 2954 aut
416 2889 495 2980 ligna
518 2890 636 2954 alterius
660 2887 817 2966 iuraverit,
844 2885 908 2954 600
932 2888 1060 2956 dinarios
1085 2891 1135 2980 qui
1159 2889 1271 2956 iaciunt
1290 2889 1402 2958 solidos
1429 2915 1431 2922 ·

81 3003 122 3072 15
146 3004 302 3094 culpabilis
325 3005 473 3073 iudicetur
495 3017 620 3093 excepto
645 3006 769 3094 capitale
793 3017 822 3071 et
845 3003 986 3104 delatura.

77 3171 140 3232 283.
664 3156 819 3237 ide-8.

171 3275 205 3343 Si
229 3278 294 3365 quis
318 3298 409 3342 unum
433 3298 484 3341 vas
509 3297 574 3341 cum
598 3275 704 3365 apibus
730 3276 782 3342 ubi
805 3274 929 3364 amplius
953 3297 1013 3340 non
1030 3275 1119 3344 suerit
1137 3276 1289 3355 iuraverit,
1317 3276 1401 3346 1800

36 3397 213 3468 ordinarios
238 3373 288 3488 qui
312 3391 423 3462 iaciunt
445 3393 556 3462 solidos
580 3392 622 3462 15
647 3393 800 3485 culpabilis
824 3392 971 3460 iudicatur
994 3407 1119 3482 excepto
1139 3396 1261 3483 capitale
1279 3409 1308 3462 et
1324 3396 1423 3462 delas

76 3529 157 3581 tura.
205 3510 238 3578 si
269 3512 334 3600 quis
365 3531 455 3576 unum
479 3533 531 3576 vas
561 3533 626 3604 cum
656 3511 762 3600 apibus
792 3513 867 3578 inter
892 3511 952 3585 ¹alia
975 3534 1045 3578 vasa
1073 3512 1128 3580 sub
1158 3526 1236 3580 tecto
1267 3527 1318 3580 aut
1343 3515 1399 3581 sub
1463 3503 1466 3510 ’

77 3628 336 3706 damuaverit,
362 3650 478 3694 causam
502 3631 638 3716 superius
663 3630 893 3717 conprehensam
917 3631 1238 3710 convenitobservarc.
1279 3629 1312 3697 Si
1328 3654 1399 3698 vero

77 3769 173 3816 unum
197 3767 248 3810 vas
272 3767 337 3812 cum
361 3745 466 3834 apibus
489 3745 561 3812 loris
584 3760 662 3814 tecto
686 3747 739 3813 ubi
762 3748 887 3840 amplius
909 3770 971 3816 non
993 3747 1083 3819 luerit
1100 3749 1258 3830 iuraverit,
1282 3771 1400 3825 causatu

76 3867 218 3957 superius
242 3864 471 3954 conprehensam
495 3879 671 3953 conponat·

29 4055 58 4098 aa
75 4011 141 4096 284.
689 4018 719 4098 7,
734 4032 790 4090 ta·

170 4135 203 4204 Si
227 4150 323 4204 eutem
344 4149 454 4224 septem
477 4148 528 4204 aut
551 4138 675 4226 amplius
692 4136 835 4206 iuraverit
850 4141 891 4206 ita
906 4152 940 4208 ut
954 4140 1035 4206 nulla
1049 4155 1228 4221 remaneant,
1241 4139 1339 4210 ’1800
1355 4142 1399 4210 di}

76 4257 180 4324 uarios
204 4257 255 4348 qni
277 4253 389 4323 sariunt
410 4253 521 4322 solidos
539 4253 581 4323 45
599 4254 752 4343 culpabilis
767 4255 914 4323 iudicetur
929 4272 1055 4348 excepto
1072 4263 1195 4350 capitale
1211 4275 1240 4329 et
1255 4261 1396 4332 delatura.

77 4422 141 4483 ma
489 4431 491 4436 ·
654 4407 821 4488 &m-m

172 4525 205 4595 si
235 4549 337 4595 servus
367 4541 418 4594 aut
446 4527 547 4593 aneilla
577 4549 652 4626 oum
672 4528 737 4614 ipso
760 4529 889 4615 ingenuo
914 4526 1061 4593 derebus
1085 4529 1195 4596 domini
1218 4537 1263 4599 sui
1287 4535 1398 4623 aliquid

30 4677 62 4722 aa
81 4647 260 4736 portaverit,
286 4643 351 4712 600
375 4644 503 4710 dinarios
528 4647 578 4733 qui
601 4643 711 4710 iaciunt
733 4643 843 4710 solidos
869 4643 908 4710 15
933 4658 1062 4733 excepto.
1080 4649 1202 4737 capitale
1220 4665 1249 4718 et
1266 4651 1398 4730 delatura

82 4779 171 4863 atque
195 4787 313 4834 eausam
336 4747 580 4861 quam'superius
604 4762 731 4836 diximus
755 4762 907 4862 etdpabilis
930 4763 1086 4842 iudicetur,
1111 4785 1113 4788 ·
