3236 5242
454 244 456 254 ·
537 223 673 282 nnxnus
693 226 725 280 s.
744 217 902 280 902-101.
1322 198 1376 279 65

104 457 110 474 .
661 397 711 476 17,
724 409 783 468 16·

77 417 103 474 94
148 513 189 585 [Si
211 513 275 589 quis
298 513 328 570 in
349 513 399 570 oia
418 509 537 570 auarum
557 509 711 568 adsalierit
729 517 756 566 et
774 501 1130 574 cumraubaoere't,mo1b.
1149 502 1288 563 obereoo¹
1307 501 1381 561 1200

74 621 194 679 denarios
211 620 260 696 qui
276 619 390 692 faciunt
407 619 517 678 solidos
533 615 574 676 30
588 615 744 691 culpabilis
760 615 921 685 iudicetur]
955 609 989 676 Si
1011 613 1060 676 vie
1083 609 1164 698 quod
1181 610 1219 675 ad
1235 609 1374 675 farinario

49 725 142 800 'vadit
167 734 302 814 eluserit,
332 734 420 802 molb.
451 734 533 800 orbis
562 735 612 798 uie
639 721 757 802 lacina'
785 727 851 799 600
880 728 1016 796 denarios
1045 730 1097 818 qui
1126 727 1237 794 iaciunt
1263 726 1376 794 solidos

53 851 106 918 ⁵15
126 851 277 942 culpabilis
299 849 455 918 iudicetur.

73 999 106 1056 u.
669 981 720 1060 18,
732 994 773 1054 et·

146 1101 179 1170 Si
201 1126 274 1175 vero
297 1103 450 1172 Romanus
473 1101 588 1171 Franco
611 1101 675 1166 sine
699 1121 787 1172 eausa
809 1087 960 1190 ligaverit,
992 1093 1078 1162 1200
1101 1073 1237 1166 denarios
1260 1097 1312 1186 qui
1333 1095 1376 1161 1-

74 1222 140 1284 ciunt
161 1219 274 1286 solidos
298 1219 341 1286 30
364 1219 519 1308 culpabilis
542 1217 697 1284 iudicetur.
738 1215 771 1280 Si
793 1237 864 1282 vero
888 1213 1018 1278 Francus
1042 1213 1178 1280 Romano
1202 1216 1265 1278 sine
1288 1236 1376 1282 causa

73 1337 207 1426 ligaverit!
226 1335 292 1402 600
315 1337 452 1409 denarios
477 1338 528 1426 qui
550 1334 664 1402 faciunt
685 1331 797 1398 solidos
822 1328 862 1396 15
887 1329 1040 1422 culpabilis
1063 1329 1217 1396 iudicetur.
1254 1327 1288 1396 Si
1312 1333 1377 1420 quis
1396 1335 1455 1398 303.
1576 1318 1580 1399 ἶ

49 1453 179 1542 uligatum
207 1467 260 1520 out
286 1477 341 1547 per
368 1451 537 1542 superbiam
567 1464 619 1517 aut
646 1472 701 1540 pen
723 1451 861 1516 virtutem
883 1469 901 1519 a
923 1439 1124 1540 ganafiooem'
1143 1447 1258 1526 tulerit,
1288 1447 1376 1515 maib.

71 1563 290 1658 nitophorusta⁴
313 1570 349 1636 de
372 1573 435 1637 vita
457 1592 511 1638 sua
535 1580 695 1656 conponat.
748 1632 751 1643 ,
1292 1553 1294 1558 ’

71 1716 104 1772 16.
355 1751 358 1758 .
645 1700 695 1778 18,
709 1709 797 1770 5-7.

99 1817 122 1872 61
139 1818 198 1890 quis
216 1817 247 1872 de
265 1817 373 1872 diversis
388 1815 576 1882 venationibus,
595 1814 625 1870 de
638 1816 691 1886 epi·
781 1809 823 1881 [st
841 1810 904 1885 quie
923 1807 1023 1884 aliqua
1043 1805 1078 1866 de
1094 1808 1251 1879 uenatione,
1270 1808 1306 1867 de
1319 1809 1377 1867 nvi·

72 1913 121 1981 bus,
143 1917 175 1971 de
198 1916 312 1989 piscibus
336 1913 436 1970 iuratis.
469 1932 545 1986 quom
566 1913 649 1986 legem
668 1921 696 1967 et*
746 1907 798 1966 bus
825 1918 874 1965 aut
901 1907 937 1966 cle
959 1907 1087 1982 piscibus
1108 1907 1267 1980 furaverit,
1293 1907 1379 1965 molb.

42 2019 60 2058 ¹³
72 2012 96 2067 te
109 2015 285 2069 venationibus
308 2015 394 2068 svium
416 2021 441 2069 et
460 2013 491 2068 eie
508 2011 692 2085 punitionibus
747 2007 882 2066 leodardi
890 2016 909 2078 ¹,
928 2005 985 2063 tiw
998 2005 1135 2064 matius
1151 2008 1199 2081 qui
1210 2004 1325 2080 foeitmt
1336 2025 1378 2064 so-

71 2111 177 2169 eonienit
194 2112 336 2169 observare.
746 2107 822 2168 lidos
839 2106 877 2165 15
892 2106 1048 2181 culpabiles
1065 2105 1215 2164 iudicetur·
1240 2123 1325 2181 quum
1342 2105 1378 2166 le·

746 2225 809 2284 pem
831 2214 890 2264 tom
913 2205 950 2264 de
971 2204 1167 2264 venationibus
1190 2223 1276 2282 quum
1300 2214 1326 2264 et
1343 2205 1380 2267 de

746 2305 954 2382 piscationibus
973 2305 1103 2364 conuenit
1122 2303 1294 2378 obseruare]

75 2441 107 2499 11.
398 2427 400 2432 “
650 2424 790 2505 18,9.1⁰.

48 2548 68 2587 ²⁸
145 2543 183 2616 [et
201 2515 350 2600 utorium*
370 2557 431 2600 cum
450 2538 567 2599 testibus
582 2541 677 2618 potuit
696 2538 862 2614 adprobare
880 2537 957 2616 qood
976 2538 1150 2600 exectostw
1166 2537 1280 2612 fuisset]
1345 2577 1347 2586 ,

78 2673 107 2732 90.
517 2709 519 2720 =
563 2687 565 2694 ’
628 2661 679 2744 18,
693 2673 816 2732 11-11.

145 2780 181 2848 Si
202 2799 274 2848 veno
304 2782 393 2848 elium
424 2801 543 2848 cervum
566 2783 672 2871 quiin
694 2784 851 2848 venatione
873 2781 970 2848 adhue
992 2798 1054 2846 non
1077 2779 1167 2846 inerit
1188 2775 1380 2848 domesticum
1398 2787 1459 2854 211.

73 2900 193 2964 occiserit
220 2911 272 2964 aut
294 2899 486 2976 involaverit,
518 2897 606 2964 molb.
629 2889 834 2964 uuisnouids⁸
856 2910 927 2963 sunt
948 2896 1061 2965 denarii
1086 2895 1171 2964 1100
1196 2901 1247 2988 qui
1269 2896 1382 2964 iaciunt

71 3013 171 3082 solidos
200 3013 242 3082 35
262 3013 421 3104 'culpabilis
444 3012 601 3080 iudicetur.
648 3007 695 3095 [Si
719 3016 784 3102 quis
807 3014 896 3080 alium
919 3037 1037 3080 corvum
1061 3032 1147 3102 quom
1171 3037 1257 3080 canes
1280 3037 1381 3082 move-

36 3147 56 3186 u
69 3133 120 3196 rint
144 3132 190 3198 vel
218 3131 431 3200 adlassaverint
455 3133 635 3210 [involaverit
653 3143 703 3194 out
721 3132 867 3206 celaverit]
879 3141 901 3204 ¹,
925 3131 1037 3198 solidos
1064 3128 1104 3196 15
1128 3130 1282 3218 culpabilis
1305 3132 1382 3201 iudi*

67 3245 166 3330 cotun]
210 3248 333 3337 Siquis
363 3271 469 3338 aprum
496 3249 606 3314 lassum
630 3269 716 3336 quesn
741 3270 827 3314 cenes
849 3260 1007 3314 moverunt
1029 3246 1185 3324 occiderit,
1215 3249 1304 3316 molb.
1329 3250 1382 3318 ha*

66 3360 215 3432 roassine⁸
238 3379 309 3432 eunt
331 3363 397 3432 600
420 3364 533 3434 denarii
556 3368 608 3454 qui
629 3364 742 3432 foeiuut
764 3363 875 3432 solidos
900 3362 940 3432 15
965 3363 1119 3454 culpabilis
1142 3363 1299 3433 iudicetur.

64 3509 104 3568 99.
664 3497 714 3577 18,
730 3511 787 3572 ib·

150 3607 177 3670 st
196 3610 254 3686 quis
274 3629 359 3688 sepem
378 3615 519 3669 eonsoisam
537 3605 633 3670 eliseos
651 3613 754 3681 snserit,
772 3610 847 3670 malt.
864 3611 934 3673 bilo·
951 3609 1004 3668 600
1022 3611 1140 3672 denarios
1160 3614 1203 3686 qui
1221 3611 1317 3670 iaciunt
1336 3628 1380 3668 so-

29 3717 50 3760 tt
64 3703 129 3766 lidos
148 3709 180 3768 15
198 3711 330 3786 eulpobiiis
349 3701 483 3768 iudicetur.

65 3842 122 3900 100.
430 3873 434 3890 ·
580 3899 582 3906 ⁴
661 3827 711 3912 18,
724 3845 784 3904 22.-

149 3971 333 4018 6611101110.

64 4091 123 4154 101.
662 4080 713 4164 18,
725 4095 783 4156 tn·

150 4204 310 4268 unicurtis
334 4215 387 4270 est.
643 4257 646 4262 .
1398 4215 1458 4274 211.

62 4367 115 4430 01.’
134 4375 211 4446 1)111ι
229 4377 272 4434 10.
746 4371 791 4430 98.
819 4376 839 4443 ⁸)
857 4372 900 4429 ita
917 4371 944 4429 6.
966 4373 1097 4428 tronuidio
1118 4375 1188 4430 chon
1207 4373 1271 4432 stola
1290 4373 1332 4432 10.

104 4465 123 4534 ’)
139 4466 181 4522 ita
198 4465 223 4522 6.
247 4467 319 4522 urbis
337 4469 380 4522 uia
396 4459 478 4520 iatine
495 4461 538 4521 10.
787 4463 808 4533 ¹)
825 4463 901 4518 malb.
919 4464 1074 4522 trochuuido
1093 4464 1135 4521 10.

63 4550 108 4608 95.
133 4557 153 4626 ⁸)
170 4555 213 4612 ita
230 4556 256 4632 5.
281 4556 313 4611 od
330 4555 494 4632 graphionem
512 4553 538 4610 6.
787 4554 808 4622 ¹)
826 4552 868 4607 ito
885 4551 910 4606 6.
935 4572 1079 4611 annuernon
1099 4554 1141 4611 10.

103 4644 123 4713 ⁴)
139 4645 180 4701 e'lo
197 4643 223 4702 6.
246 4646 328 4700 mitho
346 4645 403 4702 tosa
422 4643 522 4702 stadiuo
542 4641 585 4702 10.
748 4640 791 4697 09.
817 4640 942 4716 ’)11α16.
963 4641 1005 4701 10.
1179 4641 1182 4650 ’

63 4729 334 4808 Ἆπὴὼω
