3210 5244
753 227 823 280 tux
851 224 979 282 sutton.

630 397 695 474 LII.
734 399 787 473 De
813 421 888 474 rem
913 400 1106 498 prestitam.

273 555 276 562 “
301 546 335 613 Si
363 549 429 636 quis
457 547 539 612 alteri
568 547 678 637 aliquid
704 550 866 635 prostiterit
887 548 923 614 de
945 548 1034 615 rebus
1057 539 1118 615 suis
1141 563 1171 616 et
1193 554 1219 616 ei
1241 552 1371 618 noluerit
1392 549 1523 631 reddere,

213 667 254 730 sit
277 685 343 729 eum
366 663 455 730 debet
477 663 640 729 admallare.
676 661 751 730 Cum
773 664 900 734 testibus
923 664 960 729 ad
985 665 1104 730 domum
1125 667 1203 731 iliius
1227 670 1275 732 cni
1297 691 1344 733 res
1366 689 1437 734 suas
1458 691 1525 757 pre·

185 769 189 778 ¹
212 783 294 846 stetit
318 779 438 847 accedat
460 793 489 846 et
510 783 552 845 sic
575 793 767 846 contestetur:
805 783 894 868 nquta
915 803 962 847 res
985 803 1062 846 meas
1085 784 1206 849 noluisti
1228 782 1350 849 reddere
1374 805 1447 873 quas
1469 785 1526 850 tihi

210 899 396 986 prestiteram
423 899 454 960 in
480 897 538 960 hoc
566 919 615 961 eas
635 879 709 961 'tene
739 909 826 962 noete
852 900 989 985 proxima
1012 897 1093 986 quod
1115 899 1164 965 lex
1187 899 1276 965 salica
1298 903 1461 966 conduct«
1499 915 1550 966 ets

211 1016 254 1078 sic
283 1016 310 1078 ei
339 1013 429 1078 solem
456 1013 588 1077 collocet.
635 1011 668 1077 st
695 1035 749 1078 nec
776 1026 847 1079 ωηο
869 1013 1152 1093 reddere'voluerit,
1183 1016 1280 1082 adhuc
1300 1039 1392 1104 snper
1413 1031 1527 1105 septem

125 1126 128 1134 ’
211 1141 312 1194 noctes
335 1118 375 1210 [ei
397 1131 528 1216 spacium
551 1127 620 1192 dare
643 1127 739 1194 debet.
764 1143 794 1194 et
816 1129 854 1194 ad
876 1143 986 1216 septem
1009 1129 1122 1213 noctes]
1150 1132 1188 1197 ad
1211 1155 1277 1197 eum
1299 1134 1432 1198 similiter
1455 1157 1527 1198 con-

212 1259 336 1312 testetur
361 1258 397 1310 ut
424 1258 511 1310 nocte
537 1247 673 1333 proxima
701 1247 732 1313 in
760 1245 818 1310 hoe
847 1245 929 1334 quod
955 1245 1005 1311 Iex
1033 1247 1120 1312 salica
1148 1247 1239 1313 habet
1264 1271 1310 1314 res
1333 1271 1403 1314 suas
1425 1262 1527 1314 tenere

212 1362 326 1429 debeat.
365 1360 398 1428 Si
420 1383 474 1428 ηοο
496 1375 567 1428 ωηο
588 1363 717 1428 voluerit
738 1360 868 1440 reddere,
893 1362 930 1427 ad
953 1363 1024 1428 alias
1047 1377 1157 1452 septem
1180 1377 1283 1430 noctes
1306 1364 1345 1430 ad
1363 1387 1429 1430 eum
1445 1367 1526 1430 simi-

211 1479 277 1544 liter
305 1501 371 1544 cum
391 1478 526 1544 testibus
549 1482 649 1544 veniat
671 1491 699 1543 et
720 1488 791 1543 ωηο
815 1501 881 1542 eum
902 1493 988 1568 roget
1008 1493 1044 1545 ut
1065 1463 1197 1546 deditum
1220 1503 1307 1546 snum
1328 1481 1444 1547 reddat.
1494 1481 1525 1548 Si
1539 1507 1559 1547 η

210 1619 265 1661 ηοο
286 1609 358 1660 ωηο
379 1597 507 1662 voluerit
530 1595 825 1682 conponere,„solem
848 1598 874 1659 ei
897 1596 1030 1662 collocet.
1078 1595 1166 1682 Quod
1188 1621 1242 1686 per
1261 1611 1322 1666 tres
1337 1601 1417 1664 vices
1433 1599 1526 1664 solen

212 1716 239 1779 ei
263 1708 428 1790 collocavit,
453 1719 568 1800 semper
588 1733 642 1798 per
663 1711 792 1800 singulas
815 1713 900 1775 vices
920 1710 982 1776 120
1005 1712 1110 1778 dinarii
1132 1714 1190 1778 hoe
1212 1727 1257 1779 est
1278 1717 1354 1780 terni
1377 1714 1463 1780 solidi
1490 1715 1526 1780 ad

115 1849 117 1858 ’
211 1829 342 1895 debitum
364 1828 543 1894 adcrescant.
583 1826 616 1892 Si
638 1849 692 1891 nee
714 1840 785 1892 ωηο
805 1828 933 1892 voluerit
954 1827 1076 1894 reddere
1091 1849 1144 1894 nec
1159 1829 1246 1894 iidem
1260 1829 1356 1896 secere
1371 1830 1523 1908 reddendi,

211 1969 300 2034 super
328 1945 459 2012 debitum
488 1948 513 2010 ei
541 1946 591 2034 qni
619 1947 753 2031 prestetit
781 1957 832 2008 aut
860 1967 949 2031 super
974 1945 1041 2009 illos
1065 1943 1085 2011 9
1108 1944 1220 2014 solidos
1244 1949 1295 2034 qui
1316 1970 1371 2035 per
1393 1947 1524 2037 singulas

211 2062 428 2128 admoniciones
457 2053 673 2127 adoraverunt¹
700 2058 765 2126 600
795 2060 924 2126 dinarios
954 2063 1006 2149 qui
1033 2061 1145 2128 faciunt
1167 2041 1279 2129 solidos
1304 2061 1344 2130 15
1369 2065 1524 2154 culpabilis
1537 2087 1556 2129 η

210 2179 356 2248 iudicetur
378 2176 487 2263 [adhuc
510 2179 634 2266 amplius
657 2199 746 2265 super
768 2175 922 2262 debitum}
1177 2173 1180 2181 ’

464 2341 542 2418 LIII.
581 2341 635 2418 De
661 2365 805 2416 manum
832 2340 878 2416 ad
903 2342 983 2418 ineo
1010 2339 1267 2418 redemendam.

299 2494 332 2562 Si
361 2497 427 2583 quis
454 2492 493 2558 ad
515 2483 613 2560 ineum
635 2491 807 2558 admallatus
829 2492 932 2572 suerit,
962 2470 1087 2559 forsitan
1111 2498 1250 2560 convenit
1270 2508 1305 2560 nt
1327 2495 1374 2560 ille
1398 2498 1449 2583 qui
1476 2495 1523 2560 ad·

204 2608 345 2678 'mallatus
373 2623 418 2676 est
443 2633 561 2676 manum
589 2633 672 2676 suam
698 2610 828 2676 redamat
855 2623 884 2676 et
912 2614 1057 2676 iuratores
1086 2611 1185 2678 donet.
1215 2615 1240 2676 si
1268 2612 1335 2678 taIis
1362 2634 1453 2678 causa
1484 2625 1523 2676 est

210 2729 289 2796 unde
318 2730 445 2817 legitime
474 2725 539 2794 000
567 2727 696 2792 dinarios
725 2730 776 2817 qui
804 2727 914 2794 iaciunt
942 2727 1054 2792 solidos
1085 2724 1124 2794 15
1155 2730 1181 2792 si
1209 2726 1392 2816 adprobatus
1419 2727 1554 2794 fuissetis

213 2869 380 2936 conponere
403 2844 531 2923 deberet,
557 2843 620 2910 120
644 2844 771 2910 dinarios
794 2844 852 2910 hoc
875 2857 920 2910 est
941 2844 1053 2910 solidos
1076 2857 1134 2911 tres
1151 2865 1270 2910 manum
1285 2867 1368 2912 suam
1383 2844 1520 2928 redemat

98 2985 101 2994 ’
212 2967 237 3030 si
264 2964 331 3052 plns
360 2962 399 3028 ad
425 2985 542 3030 manum
568 2961 775 3028 redemendum
801 2960 927 3040 dederit,
955 2961 1047 3040 ¹fretus
1070 2962 1202 3051 grafione
1223 2962 1359 3030 solvatur
1381 2976 1521 3051 quantun
1603 2939 1604 2946 ¹

53 3159 58 3170 .
134 3085 192 3146 tto.
211 3081 248 3146 de
270 3103 360 3146 causa
381 3081 430 3146 illa
452 3083 478 3144 si
500 3083 653 3146 convictus
674 3079 778 3144 fuisset
799 3078 968 3144 redditurus
992 3082 1056 3144 erit.
1090 3078 1124 3144 Si
1138 3101 1209 3144 vero
1233 3101 1321 3144 causa
1343 3077 1434 3144 suerit
1449 3101 1522 3166 quae

211 3196 254 3266 30
283 3196 394 3263 solidos
417 3198 447 3287 'si
469 3194 652 3286 adprobatus
674 3195 779 3260 suisset
800 3207 918 3284 poterat
939 3195 1094 3282 culpabilis
1117 3194 1248 3261 iudicare
1269 3207 1299 3260 et
1320 3198 1363 3262 sic
1385 3198 1523 3294 convenit
1602 3225 1603 3264 t

210 3327 246 3380 ut
267 3335 384 3378 manum
406 3312 549 3391 redonat,
574 3310 638 3378 240
662 3311 791 3376 dinarios
813 3316 865 3400 qui
887 3309 1000 3378 iaciunt
1021 3311 1133 3376 solidos
1155 3335 1210 3378 sex
1231 3334 1349 3378 manum
1371 3334 1456 3378 suam
1477 3335 1521 3378 re·
1535 3337 1556 3378 ο

212 3430 316 3497 demat.
342 3428 471 3518 quodsi
494 3429 618 3517 amplius
641 3428 763 3506 dederit,
787 3427 878 3494 fretus
901 3428 1032 3518 grafione
1054 3428 1188 3494 solvatur
1210 3441 1352 3517 quantum
1376 3428 1413 3496 de
1436 3452 1523 3496 causa

137 3568 140 3574 ·
210 3549 260 3614 illa
282 3549 308 3612 si
330 3548 482 3612 convictus
504 3544 609 3612 suisset
629 3545 798 3612 redditurus
823 3549 885 3612 erit.
920 3546 979 3615 Ista
1000 3545 1166 3635 redempcio
1190 3546 1227 3612 de
1244 3549 1334 3612 manu
1348 3545 1522 3614 redemendo

210 3687 306 3753 usque
332 3662 371 3729 ad
397 3662 512 3729 leudem
534 3665 577 3758 sie
597 3677 757 3750 permanet.
804 3662 837 3729 Si
859 3685 929 3728 vero
952 3661 1067 3728 leudem
1090 3664 1269 3728 alteralteri
1291 3667 1473 3751 inpotaverit
1495 3677 1522 3729 et
1601 3703 1602 3750 p

212 3804 277 3846 eum
301 3780 339 3846 ad
360 3783 459 3845 inenm
482 3779 668 3845 admallatum
690 3781 829 3846 habuerit
850 3793 879 3844 et
894 3781 1081 3850 convenitur
1095 3781 1239 3845 iuratores
1256 3780 1345 3845 donet
1361 3793 1390 3846 et
1404 3803 1522 3845 manum

211 3920 294 3964 suam
316 3896 454 3976 redamat,
480 3894 564 3962 1200
587 3897 716 3962 dinarios
740 3900 791 3984 qui
813 3896 925 3967 faciunt
947 3895 1057 3962 solidos
1082 3893 1124 3962 30
1145 3919 1262 3962 manum
1277 3919 1360 3962 suam
1374 3897 1551 3964 redemeras

133 4025 194 4083 250.
211 4009 319 4104 potest.
343 4013 426 4102 qnod
447 4015 473 4079 si
494 4013 562 4101 plns
585 4012 696 4101 aliand
719 4010 840 4092 dederit,
864 4012 956 4080 fretus
972 4012 1008 4078 de
1022 4012 1108 4080 leude
1123 4016 1217 4102 ipsius
1231 4014 1364 4104 grafione
1378 4015 1522 4088 solvatur.

524 4247 528 4255 .
567 4277 569 4283 Ι
591 4174 677 4252 LIV.
716 4177 769 4253 D'e
795 4176 952 4276 grafione
979 4177 1142 4252 occisum.

303 4324 336 4406 1.Ι
362 4323 396 4392 Si
425 4327 490 4414 quis
517 4327 677 4414 grafionem
706 4326 846 4394 occiderit
859 4323 876 4408 ¹,
907 4327 1016 4395 24000
1045 4327 1174 4394 dinarios
1204 4330 1255 4418 qui
1279 4325 1390 4395 iaciunt
1412 4327 1522 4394 solidos

135 4451 195 4511 251.
214 4441 278 4512 600
301 4441 454 4532 culpabilis
477 4443 631 4534 iudicetur.
700 4445 729 4512 2.
754 4445 787 4514 Si
811 4449 876 4538 quis
897 4439 1099 4514 sacebarone⁸
1124 4441 1189 4530 [aut
1211 4443 1422 4536 obgrafionem]
1444 4447 1523 4512 occi-

214 4637 272 4693 LII.
295 4637 314 4708 ¹)
325 4638 399 4693 meib.
412 4639 560 4694 necthanteo
573 4639 710 4716 antesalina
722 4640 747 4696 6.
765 4642 840 4700 maib.
894 4641 962 4697 niv.
994 4639 1013 4710 ¹)
1031 4639 1106 4694 meib.
1125 4639 1334 4713 leode-camitem
1351 4641 1377 4698 2.

216 4734 330 4786 nectente
350 4725 374 4784 7.
392 4725 417 4786 8.
436 4726 461 4784 9.
488 4726 563 4786 malb.
581 4729 668 4786 tauthc
687 4729 727 4790 10.
934 4729 954 4804 ⁸)
971 4728 1013 4786 ita
1029 4728 1153 4798 scribere
1167 4728 1237 4793 solet
1250 4731 1274 4794 1·
1300 4733 1458 4804 tacebamus,
1480 4750 1521 4794 aa·
1597 4771 1598 4784 .
