3236 5242
219 206 272 290 90
589 237 776 295 revetere
795 237 932 296 rrxrus
953 242 983 295 r.
1001 231 1101 300 354-
1115 237 1181 301 ³57.

218 421 280 480 354.
811 413 864 496 73,
875 427 900 484 9.
912 427 953 485 10.

309 524 343 593 Si
373 529 438 616 quis
468 528 617 596 mulierem
646 533 803 620 ingenuam
825 535 928 599 striarn
950 533 1119 601 clamaverit
1141 549 1193 601 aut
1216 537 1395 602 meretricem
1421 550 1450 602 et
1471 559 1534 603 eon·
1597 617 1598 626 ἵ

218 647 337 710 viatere
364 667 426 711 non
453 650 599 735 potuerit,
629 646 717 714 7500
746 647 882 716 denarios
909 653 960 740 qui
983 651 1094 718 iaciunt
1116 652 1228 719 solidos
1255 647 1358 738 187¹s,
1387 654 1534 742 culpabilis

218 761 374 829 iudicetur.

218 907 278 966 355.
819 899 872 980 8i,
885 913 943 972 33·
1550 928 1558 966 a

307 1013 340 1080 Si
365 1016 432 1104 quis
451 1015 598 1082 hominem
616 1019 678 1082 sine
699 1039 846 1084 consensu
867 1017 973 1084 iudicis
990 1015 1025 1084 de
1040 972 1122 1085 raino
1140 1021 1191 1086 uhi
1207 1023 1378 1088 introeatur
1393 1021 1536 1109 deponere

217 1135 463 1222 praesumpeerit
490 1131 576 1200 1200
598 1133 734 1201 denarios
759 1138 810 1226 qui
832 1134 945 1201 saciant
968 1135 1079 1202 solidos
1103 1135 1146 1203 30
1170 1137 1325 1227 culpabilis
1348 1138 1503 1206 iudicetur.

216 1279 277 1339 aaa.
828 1269 881 1351 82,
894 1281 934 1341 3.·

306 1405 366 1452 mx
389 1405 492 1452 satira
514 1383 626 1452 txvn'.

216 1532 277 1591 aar.
794 1519 965 1602 82‚5-21.
1268 1517 1272 1528 '
1547 1544 1567 1584 a

305 1636 338 1704 Si
370 1640 436 1726 quis
465 1637 555 1702 filiam
587 1639 710 1704 alienam
743 1639 781 1705 ad
808 1643 978 1729 coniugium
1006 1641 1165 1728 quaesierit
1189 1639 1395 1727 praesentibus
1424 1643 1484 1705 suis
1511 1653 1535 1706 et

214 1754 329 1841 puellae
361 1754 534 1843 parentibus
564 1769 594 1821 et
618 1769 722 1844 postea
752 1779 783 1822 se
808 1759 966 1822 retraxerit
989 1769 1017 1822 et
1040 1765 1102 1822 eam
1125 1757 1256 1846 accipere
1278 1745 1422 1836 noluerit,
1452 1756 1534 1823 2500

215 1869 346 1937 dinarios
371 1875 422 1960 qui
445 1871 557 1938 iaciunt
579 1873 691 1938 solidos
715 1871 758 1939 62
767 1867 798 1958 Ἰ,
827 1871 981 1962 culpabilis
1004 1873 1159 1940 iudicetur.

251 2002 306 2072 [De
325 2004 450 2058 inuitur
469 2006 549 2058 trita
561 2010 577 2056 ¹.
606 2003 635 2059 Si
654 2006 712 2076 quis
729 2006 794 2076 pitto
814 2005 851 2058 ai·
941 2001 980 2073 [Si
1000 2005 1058 2077 quis
1078 2006 1180 2076 conpari
1199 2021 1246 2059 sue
1265 2005 1533 2077 pittum'exeusserit,

213 2103 294 2156 terius
313 2103 462 2167 excusserit,
480 2101 556 2157 malb.
573 2103 671 2156 inuitus
689 2104 781 2156 tritta⁸
799 2101 851 2157 120
904 2099 957 2156 120
980 2101 1083 2156 dinariis
1109 2104 1154 2174 qui
1176 2102 1273 2157 iaciunt
1297 2103 1395 2158 aolidae
1417 2101 1435 2158 3
1454 2103 1532 2175 eulpa·
1544 2116 1562 2154 tt

151 2181 153 2186 i
214 2199 341 2260 denariae,
361 2202 406 2272 qui
432 2199 529 2256 iaciunt
551 2199 651 2256 solidos
675 2198 692 2255 3
717 2199 849 2272 culpabilis
902 2199 962 2254 bilis
986 2199 1112 2254 iudicetur
1136 2209 1182 2256 aut
1203 2200 1311 2257 similem
1334 2201 1373 2256 illi
1390 2201 1483 2256 reddet
1500 2202 1530 2256 rel

211 2299 347 2354 iudicetur.
385 2299 413 2354 Si
432 2317 493 2354 vero
518 2307 605 2353 contra
622 2298 780 2354 voluntatem
802 2298 849 2353 de·
903 2316 959 2362 eum
985 2297 1119 2354 duodecim
1140 2300 1208 2354 iuret
1226 2300 1296 2371 quod
1315 2300 1423 2356 similem
1443 2299 1483 2354 illi
1500 2319 1525 2354 rr-

210 2399 274 2451 miai
293 2406 318 2452 et
335 2415 427 2470 negare
446 2397 557 2452 voluerit
575 2406 600 2452 et
619 2399 641 2451 ei
659 2396 738 2451 fuerit
756 2395 848 2468 adpro·
903 2395 1049 2466 nituisset]
1100 2373 1103 2385 i

211 2495 311 2562 hatum,
336 2495 439 2567 capitale
459 2495 496 2566 [in
514 2494 610 2564 lorum]
629 2497 748 2550 restituat
766 2505 791 2550 et
808 2497 848 2549 in-

211 2611 289 2666 super
307 2591 379 2648 1400
396 2594 509 2649 dinarios
529 2595 573 2666 qui
591 2593 687 2650 fatiunt
702 2593 801 2651 solidas
814 2591 848 2650 35
1540 2605 1558 2644 rt

212 2691 345 2764 culpabilia
363 2692 507 2762 iudicetur]

210 2851 272 2910 357.
310 2855 329 2926 Ι)
359 2853 401 2911 ita
427 2852 491 2912 cad.
518 2851 751 2925 Guelferbitaaar
774 2855 847 2912 inter
940 2857 960 2924 ¹)
978 2854 1020 2910 ita
1033 2851 1097 2910 aad.
1110 2841 1400 2928 Parira'enrr'rSappl.
1414 2853 1478 2911 Lat.
1494 2855 1527 2911 tt.

212 2944 330 3018 Anqust.
349 2943 392 3012 50,
411 2945 436 3000 2.
464 2951 492 3000 et
509 2941 655 3001 Pithoeus.
690 2946 728 3000 De
750 2947 847 3001 invicta
940 2947 962 3014 ⁸)
979 2945 1021 3000 ita
1040 2942 1306 3016 aad.Grre1sarb.et
1325 2943 1389 3002 aad.
1407 2943 1528 3002 Turieri.

213 3037 302 3090 stricto
322 3033 387 3090 cod.
400 3033 577 3110 Paririerrtit
595 3033 672 3092 4632.
697 3036 735 3090 ne
750 3037 847 3091 inuitus
901 3036 1035 3090 uuistritto
1055 3031 1201 3092 Pithoeus.
1311 3075 1313 3087 .

211 3126 284 3180 tritta
305 3122 369 3182 red.
392 3122 512 3182 Tueieri
530 3123 788 3198 Narimberyensia.
