3236 5242
216 219 266 297 st
786 241 970 294 noventur

215 441 276 503 280.
790 429 852 507 v10,
866 442 954 498 7-9.

304 545 338 635 Si
362 549 428 636 quis
451 547 598 614 bominem
621 561 811 634 praeceptum
834 550 912 634 regis
935 546 1092 614 habentem
1109 559 1220 612 contra
1229 542 1445 612 ordinationem
1460 553 1528 636 regis

217 665 352 736 adsallire
374 665 422 728 vel
444 667 511 728 viae
539 665 672 728 laciniam
703 667 729 728 ei
757 663 852 728 secere
874 666 1120 752 praesumpserit,
1152 661 1239 730 8000
1263 663 1400 730 denarios
1423 667 1474 754 qui
1493 665 1530 734 la·
1600 739 1601 768 3

218 787 299 852 ciunt
321 780 434 848 solidos
458 778 523 846 200
547 779 700 868 culpabilis
722 779 879 846 iudicetur.
1047 783 1049 788 ’

216 935 278 1000 287.
451 984 454 990 ,
499 982 503 996 ,
730 962 735 972 1
815 920 942 1000 53,ll'.·
1546 953 1553 992 r

305 1041 344 1108 Et
370 1053 474 1130 postea
502 1053 638 1129 parentes
667 1039 798 1106 defuncti
828 1039 954 1106 iudicem
983 1061 1089 1128 rogare
1120 1027 1228 1105 debent
1253 1051 1288 1105 ut
1310 1041 1386 1109 inter
1407 1040 1533 1106 homines

217 1181 278 1224 non
301 1147 416 1226 habitet
439 1170 544 1223 auctor
565 1158 691 1223 sceleris.
722 1170 751 1222 et
774 1161 825 1246 qni
847 1160 872 1222 ei
888 1158 1050 1244 hospitium
1067 1155 1181 1221 dederit
1196 1169 1352 1245 antequam
1368 1158 1533 1245 parentibus

219 1275 395 1352 satisfaciat,
420 1272 485 1339 600
509 1273 639 1340 dinarios
663 1277 714 1363 qni
736 1272 849 1340 iaciunt
871 1273 983 1342 solidos
1003 1271 1043 1340 15
1063 1273 1216 1361 culpabilis
1232 1269 1389 1344 iudicetur.
1425 1274 1459 1340 Si
1476 1279 1533 1364 quis
1600 1287 1601 1342 l

218 1406 368 1458 mortuum
396 1393 543 1458 homiuem
573 1405 625 1458 aut
652 1395 683 1454 iu
711 1390 793 1456 nodo
823 1393 928 1456 autin
952 1405 1036 1479 petra
1060 1411 1134 1480 quae
1157 1413 1230 1456 vasa
1253 1413 1291 1456 ex
1312 1413 1370 1458 usu
1393 1391 1533 1481 sacrolagi

220 1510 359 1576 dicuntur
380 1532 470 1597 super
492 1509 580 1608 alium
604 1489 730 1586 miserit,
756 1505 842 1574 2500
867 1507 1003 1574 denarios
1027 1511 1078 1596 qui
1100 1507 1212 1574 faciunt
1233 1507 1345 1576 solidos
1369 1503 1452 1592 627,
1481 1511 1566 1574 cul-u
1600 1515 1601 1552 ἒ

218 1628 325 1716 pabilis
349 1625 504 1692 iudicetur.
544 1625 577 1691 Si
602 1629 668 1715 quis
692 1627 881 1694 aristatonem
904 1647 994 1714 super
1016 1625 1164 1691 hominem
1183 1637 1330 1690 mortuum
1350 1627 1534 1712 copulaverit,
1600 1647 1601 1664 ³

221 1745 257 1812 de
279 1766 460 1834 unoquoque
474 1741 549 1810 -600
572 1742 709 1808 denarios
733 1745 784 1830 qui
806 1727 919 1807 faciunt
941 1741 1052 1808 solidos
1078 1740 1117 1808 15
1142 1742 1296 1832 culpabilis
1318 1741 1476 1810 iudicetur.

163 1907 165 1912 '
219 1891 281 1953 288.
489 1949 491 1960 ,
787 1875 839 1954 74,
854 1887 975 1946 16-21.
1068 1887 1071 1896 '

309 1995 342 2062 Si
373 1999 438 2084 quis
468 2017 562 2061 casarn
591 1994 751 2084 quamlibet
772 1997 852 2059 intus
876 1993 1046 2060 bominibus
1071 1993 1284 2060 dormientibus
1306 1994 1486 2074 incenderit,
1515 1999 1535 2062 ei
1600 2043 1601 2046 ,

221 2116 305 2180 euius
330 2137 396 2178 casa
419 2113 476 2178 luit
498 2110 586 2178 2500
610 2111 746 2178 denarios
771 2115 821 2202 qni
845 2110 957 2176 iaciunt
979 2111 1090 2178 solidos
1114 2105 1195 2196 62¹),
1217 2111 1371 2198 culpabilis
1395 2111 1561 2178 iudicaturo

221 2244 345 2318 excepto
377 2231 500 2318 capitale
531 2242 559 2294 et
588 2229 723 2294 dilutura.
769 2228 808 2294 Et
839 2230 1068 2317 quanticumque
1096 2231 1175 2296 intus
1202 2227 1311 2294 fuerint
1334 2242 1363 2294 et
1385 2233 1530 2306 evaserint,

170 2371 174 2380 “
220 2350 339 2414 mallare
364 2370 429 2413 eum
454 2346 562 2414 debent
585 2359 614 2412 et
637 2349 795 2434 unicuique
818 2346 936 2410 illorum
960 2343 1046 2410 2500
1070 2345 1205 2412 denarios
1229 2348 1280 2435 qui
1302 2346 1416 2412 iaciunt
1432 2347 1526 2434 soli-dos
1600 2393 1601 2446 q

222 2465 264 2533 62
274 2461 304 2555 ¹s,
334 2465 487 2553 culpabilis
514 2463 662 2528 iudicetur
685 2477 714 2528 et
737 2462 877 2553 quicquid
901 2462 942 2527 ibi
964 2461 1147 2549 perdiderint
1169 2465 1200 2526 in
1222 2463 1288 2528 loco
1312 2467 1461 2528 restituat.
1505 2464 1532 2528 llt

222 2587 246 2648 si
276 2583 380 2669 aliquis
409 2584 489 2646 intus
519 2582 637 2656 arserit,
669 2580 716 2644 ille
740 2584 791 2669 qui
814 2579 981 2645 incendium
1004 2581 1083 2643 misit
1105 2579 1278 2666 parentibus
1302 2578 1434 2644 deiuncti
1457 2577 1532 2646 8000

222 2699 352 2799 dinarios
377 2701 427 2786 qui
450 2695 563 2763 faciunt
584 2696 697 2761 solidos
721 2695 786 2762 200
810 2697 965 2784 culpabilis
989 2695 1144 2761 iudicetur.
1310 2701 1312 2706 ’
1543 2723 1562 2764 se
1600 2727 1601 2782 q

222 2845 282 2904 eso.
724 2861 725 2866 Ν
820 2827 946 2907 ouen

192 3034 196 3044 Ι
311 2947 344 3014 Si
373 2951 439 3038 quis
468 2948 591 3012 alterum
622 2947 720 3012 clausa
749 2971 837 3013 manu
866 2947 943 3012 idest
968 2969 1070 3036 pugno
1093 2949 1286 3035 percusserit,
1317 2945 1382 3013 360
1406 2945 1534 3014 denarios

223 3071 274 3157 qui
302 3067 414 3131 faciunt
436 3065 547 3130 solidos
571 3063 590 3132 9
615 3065 768 3154 culpabilis
792 3065 953 3143 iudicetur,
983 3063 1120 3130 videlicet
1142 3076 1175 3131 ut
1197 3087 1253 3152 pro
1276 3087 1461 3154 unoquoque
1482 3068 1535 3131 ictu
1600 3039 1601 3098 3

223 3185 244 3250 3
267 3184 379 3250 solidos
402 3182 515 3248 reddat.

222 3333 284 3392 290.
839 3313 891 3395 60,
903 3330 928 3386 9.
1054 3312 1058 3318 ’
1549 3348 1569 3388 aa

312 3435 346 3503 Si
368 3457 440 3500 vero
465 3457 529 3499 eum
554 3437 664 3523 ceperit
687 3447 716 3500 et
739 3434 944 3524 expoliaverit,
969 3432 1056 3502 2500
1080 3433 1209 3500 dinarios
1229 3437 1280 3524 qui
1302 3433 1415 3501 iaciunt
1432 3433 1536 3501 solidos

223 3553 305 3640 627Ι
335 3550 487 3641 culpabilis
510 3551 665 3632 iudicetur.
731 3585 736 3598 ·

223 3703 284 3762 291.
809 3683 960 3764 12‚r-o.

312 3805 345 3871 Si
369 3807 434 3894 quis
456 3803 810 3870 hominemiinnoceutem
834 3819 866 3870 et
882 3805 1031 3879 absentem
1051 3803 1086 3868 de
1103 3804 1195 3892 culpis
1211 3801 1375 3869 minoribus
1391 3801 1431 3868 ad
1445 3825 1536 3890 regem

224 3926 420 3999 accusaverit,
451 3919 538 3987 2500
568 3896 711 3985 ἀευετίοέ
735 3925 784 4010 qui
815 3920 926 3986 iaciunt
954 3900 1066 3986 solidos
1096 3915 1361 4009 62¹!,culpabilis
1386 3921 1564 3986 iudicaturo

225 4043 258 4109 Si
280 4064 351 4106 vero
381 4041 438 4104 tale
467 4041 574 4103 crimen
601 4029 630 4102 ¹ci
659 4015 839 4126 imputaverit
867 4036 946 4102 unde
975 4040 1050 4103 mori
1079 4038 1229 4104 debuisset
1256 4041 1281 4103 si
1303 4061 1405 4103 verum
1429 4036 1535 4110 luisset,

224 4160 271 4224 ibe
301 4161 352 4246 qui
377 4153 447 4222 ’eum
476 4159 659 4223 accusaverit
685 4154 772 4222 8000
796 4155 932 4221 denarios
949 4129 1008 4243 'qui
1032 4155 1143 4222 iaciunt
1165 4156 1276 4223 solidos
1299 4155 1364 4221 200
1387 4155 1536 4243 culpabilis

225 4275 381 4342 iudicetur.

228 4405 289 4466 292.
825 4387 950 4468 72229.θ

315 4507 348 4576 si
372 4512 437 4599 quis
461 4509 544 4574 alteri
567 4507 688 4598 aliquod
709 4507 882 4574 maleficium
906 4508 1126 4594 superiactatus
1143 4505 1232 4572 inerit
1249 4509 1311 4572 sive
1327 4527 1393 4574 cum
1407 4505 1535 4595 ligaturis
1549 4527 1567 4567 u

224 4634 255 4694 in
280 4627 412 4722 qarolibet
433 4627 500 4696 loeo
524 4627 649 4704 miserit,
675 4623 762 4692 2500
785 4625 920 4695 denarios
945 4628 995 4717 qui
1018 4622 1131 4693 iaciunt
1151 4623 1262 4698 solidos
1285 4617 1367 4714 622,
1388 4621 1536 4714 culpabilis

225 4745 380 4820 iudicetur.
