3236 5242
506 267 672 319 CAPITULA
702 265 973 318 lxxi-lxxvn.

510 502 643 568 LXXIV.
678 502 723 566 lle
745 502 965 590 pignoracione.

170 633 196 688 Si
219 635 277 704 quis
300 633 440 688 debitorem
459 651 534 688 suum
552 651 597 705 per
614 634 782 705 ignorantiam
800 635 855 686 sine
873 632 956 685 iudice
973 633 1109 705 pignorare
1126 635 1307 704 praesumserit
1326 641 1396 688 antc-

99 749 159 804 quam
176 749 230 786 eum
248 733 316 786 nesti
334 731 423 786 canthe
442 732 541 805 chigio¹
559 733 617 801 [boe
637 740 676 786 est
690 729 846 799 accusanteJ,
865 737 890 784 et
903 729 1015 784 debitum
1027 732 1116 802 perdat
1129 740 1154 786 et
1165 733 1269 804 insuper
1281 732 1398 787 similiter

99 829 185 918 simale
202 831 375 904 pignoravcrit
391 847 448 885 eum
465 830 522 905 lege
540 839 679 904 conponat,
698 831 747 885 hoe
766 837 805 886 eat
823 827 927 902 capitale
943 829 1034 884 reddat
1052 839 1077 885 et
1096 828 1129 886 15
1148 829 1246 887 solidos
1265 829 1397 904 culpabilis

79 933 88 972 t
99 927 211 983 iudicetur.

383 1094 505 1165 LXXV.
539 1095 584 1161 De
606 1096 727 1162 muliere
750 1117 816 1162 cesa
838 1095 885 1161 vel
908 1095 1092 1184 excapillataa

170 1223 193 1281 l.
214 1224 242 1281 Si
268 1227 326 1298 quis
345 1226 477 1282 mulierem
496 1227 683 1299 excapillavcrit
699 1235 730 1282 ut
748 1229 770 1282 ei
790 1228 913 1282 obbonis¹
931 1227 963 1282 ad
980 1235 1047 1282 terra
1066 1226 1150 1293 eadat,
1173 1225 1272 1281 solidos
1293 1223 1326 1283 15
1345 1226 1398 1281 cul·

100 1324 171 1396 pabilis
193 1325 327 1380 iudicetur.
365 1325 393 1380 Si
411 1345 472 1381 vcro
490 1329 579 1381 vittam
604 1345 677 1381 suam
700 1326 807 1381 solverit
830 1335 875 1380 aut
898 1325 981 1399 capilli
1004 1328 1031 1379 in
1050 1325 1178 1398 scapulam
1197 1343 1268 1380 suam
1286 1334 1399 1399 tangant¹

100 1423 124 1477 30
139 1423 231 1479 solidos
251 1423 536 1496 culpabilis'iuoicetnr.
590 1424 615 1480 2.
636 1425 664 1480 si
683 1443 773 1480 servus
791 1423 922 1480 mulierem
940 1427 1075 1497 ingenuam
1093 1425 1248 1496 percusserit
1265 1433 1309 1478 aut
1327 1441 1399 1478 exca-
1458 1453 1460 1456 ·

74 1522 213 1593 opillaveric,
233 1532 278 1578 aut
295 1541 398 1578 manum
416 1523 505 1596 perdat
523 1532 567 1578 aut
585 1523 684 1578 solidos
703 1523 719 1578 5
738 1522 834 1578 reddat.
882 1521 907 1578 3.
927 1523 956 1578 si
975 1526 1032 1596 quis
1050 1523 1182 1578 mulierem
1198 1525 1331 1596 ingenuam
1342 1541 1400 1595 pre·

98 1629 197 1693 guentam
215 1623 240 1675 in
259 1631 349 1677 ventre
367 1623 454 1676 autin
472 1623 540 1676 renis
558 1624 714 1693 percusserit
730 1641 819 1696 pugno
837 1630 881 1676 aut
899 1621 990 1676 calcem
1009 1630 1034 1677 et
1052 1625 1074 1676 ci
1091 1639 1168 1694 pecus
1182 1639 1235 1676 non
1250 1623 1363 1676 excruciat
1375 1631 1401 1676 ct

99 1719 132 1773 illa
145 1729 244 1793 propter
262 1721 311 1775 boc
329 1729 433 1794 gravata
450 1720 528 1775 fuerit
547 1723 620 1792 quasi
638 1739 721 1793 nsque
740 1721 772 1776 ad
789 1730 906 1788 mortem,
925 1719 978 1777 200
996 1721 1094 1776 solidos
1114 1719 1246 1792 culpabilia
1264 1720 1398 1775 iudicetur.

100 1818 186 1890 Siquis
203 1837 264 1874 vero
284 1837 361 1891 pecus
379 1827 509 1873 mortuum
529 1821 669 1873 excusserit
687 1822 784 1892 etipsa
803 1823 919 1887 evaserit,
938 1818 991 1874 600
1007 1820 1105 1875 eolides
1120 1819 1252 1892 culpabilis
1264 1818 1398 1874 iudicetur.

99 1919 188 1972 Slvere
212 1920 268 1990 ipsa
288 1917 380 1972 mulier
396 1927 529 1990 propterea
546 1926 647 1972 mortua
665 1917 757 1985 luerit,
781 1917 833 1973 000
852 1918 950 1974 solidos
970 1919 1101 1990 culpabilis
1119 1919 1253 1972 iudicetur.
1290 1919 1319 1973 si
1337 1935 1397 1973 vcro

69 2019 86 2058 1⁵
98 2015 172 2071 mulier
193 2019 237 2088 qui
260 2024 362 2071 mortua
384 2025 423 2071 eat
444 2035 490 2088 pro
510 2016 595 2088 aliqua
614 2034 689 2070 eausa
707 2019 734 2071 in
751 2019 830 2073 verbo
849 2020 916 2092 regis
934 2020 1013 2072 missa
1031 2025 1082 2083 est,
1107 2015 1176 2072 1200
1195 2015 1294 2071 solidos
1313 2017 1398 2088 culpa-

98 2115 144 2169 bilia
160 2115 291 2170 iudicetur.
320 2115 349 2170 si
367 2133 429 2170 vero
448 2114 532 2169 infans
550 2115 635 2186 puella
654 2123 693 2169 est
706 2118 750 2188 qui
763 2119 897 2182 excutitur,
915 2115 987 2172 2l00
999 2115 1097 2170 solidos
1111 2124 1245 2187 conponat.
1286 2114 1311 2169 l.
1330 2117 1398 2170 llaec

98 2213 131 2268 lex
146 2214 173 2268 dc
189 2214 329 2268 militonias
346 2213 389 2268 vel
406 2213 470 2268 letas
491 2213 566 2283 [aive]
585 2215 713 2269 Romanas
731 2217 758 2268 in
776 2216 909 2272 medietate
928 2217 1045 2270 convenit
1064 2215 1207 2269 observare.
1255 2212 1280 2268 5.
1299 2214 1398 2286 Siquis

99 2313 184 2369 ancillae
204 2332 282 2386 pecus
306 2321 436 2367 mortuum
460 2314 600 2368 excusserit
624 2315 645 2366 ai
663 2312 782 2384 pulicella
800 2314 891 2380 fuerit,
911 2313 978 2382 627,
1002 2313 1103 2368 solidos
1122 2312 1254 2386 culpabilis
1272 2312 1398 2368 iudicetur

100 2413 196 2468 similiter
214 2387 240 2468 et
258 2412 384 2466 dinarium
402 2429 490 2465 unum.
520 2412 549 2466 Si
567 2429 628 2466 vero
644 2411 734 2466 aneilla
745 2413 800 2484 ipsa
814 2411 913 2468 cellaria
926 2412 1022 2468 domini
1034 2414 1075 2468 aui
1088 2421 1132 2468 aut
1143 2413 1268 2488 genitium
1279 2413 1398 2480 tenuerit,

68 2509 141 2566 0100
155 2511 249 2569 solidos
268 2519 294 2566 et
312 2509 436 2565 dinarium
455 2529 501 2583 pro
520 2511 575 2584 ipsa
594 2518 727 2583 conponat.

249 2677 383 2744 LXXVI.
418 2677 463 2756 De
486 2699 552 2743 eum
576 2679 627 2766 qui
650 2699 739 2743 cansa
762 2678 855 2744 aliena
879 2677 975 2745 dicere
997 2681 1234 2768 praesumpserit.

170 2794 215 2866 (lui
238 2825 293 2865 nee*
308 2809 457 2864 demandata
479 2825 525 2862 nec
547 2808 619 2864 lcucr
641 2812 712 2881 pita¹
734 2783 813 2864 fuerit
836 2819 861 2866 et
883 2829 935 2866 non
953 2812 1065 2884 potuerit
1082 2810 1223 2877 vindicare,
1247 2809 1345 2866 solidos
1365 2807 1398 2866 15

104 2907 213 2994 culpabilis
231 2909 365 2979 iudicetur.
386 2908 416 2964 de
434 2917 523 2982 postea
542 2909 564 2964 ei
583 2910 624 2964 eui
643 2927 718 2964 causa
736 2917 776 2964 cst
793 2909 867 2966 liceat
884 2909 984 2986 legibus
1003 2929 1103 2969 causam
1123 2929 1194 2968 suam
1212 2909 1322 2969 mallare.

609 3091 873 3108 m

166 3349 168 3358 Ι
227 3271 373 3374 LXXVll.
409 3270 532 3340 lldietus
556 3254 656 3340 domni
677 3270 839 3364 Hilpe'riebi
862 3279 939 3366 regis
962 3298 1017 3366 pro
1040 3289 1142 3346 tenore
1164 3279 1256 3365 pacis.

61 3404 83 3442 ²⁵
170 3405 193 3463 1.
216 3407 402 3462 Pertractantes
422 3407 448 3459 in
467 3405 514 3459 Ilei
531 3423 624 3460 nomen
643 3423 699 3460 cum
717 3409 779 3462 viris
798 3407 1053 3482 magnificentissimis
1072 3409 1235 3464 obtimatibus
1254 3407 1296 3464 vel
1313 3417 1400 3464 antru-

96 3504 207 3562 stionibus
227 3515 252 3562 et
271 3507 339 3561 omni
357 3503 454 3578 populo
473 3513 563 3558 nostro
583 3506 709 3571 convenit,
729 3507 788 3578 quia
805 3507 911 3562 fluvium
924 3507 1040 3562 Caronna
1052 3508 1178 3564 hereditas
1190 3527 1242 3563 non
1254 3509 1399 3575 transiebat,

94 3601 132 3655 ubi
152 3613 174 3659 et
195 3606 239 3660 ubi
260 3607 287 3660 in
309 3606 414 3678 regione
437 3611 526 3658 nostra
549 3603 675 3659 hereditas
698 3604 772 3660 detur
790 3607 856 3661 sicut
875 3615 899 3664 et
916 3607 1015 3681 reliqua
1032 3607 1088 3662 loca
1106 3616 1136 3664 ut
1155 3617 1179 3664 et
1197 3609 1398 3664 TurrovanIosis

95 3699 244 3760 hereditatem
264 3705 323 3759 darc
342 3703 433 3759 debent
452 3713 477 3758 et
495 3701 613 3775 accipere.

169 3801 193 3859 2.
224 3803 348 3858 Similiter
372 3805 503 3869 convenit,
527 3810 557 3856 ut
579 3802 655 3857 rebus
680 3802 875 3860 concederemus
901 3806 1019 3870 omnibus
1037 3806 1156 3863 leodibus
1174 3807 1285 3874 nostris,
1307 3815 1338 3861 ut
1355 3825 1399 3880 per

57 3901 204 3957 ”modicam
221 3921 274 3958 rem
294 3901 427 3957 scandalos
446 3920 498 3956 non
515 3911 651 3976 generetur
668 3903 695 3956 in
713 3891 816 3976 regione
834 3911 930 3959 nostm.

169 3999 193 4056 3.
219 3999 303 4057 Simili
320 4001 397 4054 modo
416 4000 511 4072 placuit
529 4009 605 4072 atque
624 4003 749 4068 convenit,
767 4010 797 4056 ut
815 4005 837 4056 si
856 4021 964 4076 eumque
979 3985 1076 4060 vicinos
1095 4003 1189 4058 babens
1208 4012 1252 4058 aut
1269 4003 1337 4061 filios
1356 4015 1399 4062 aut

90 4095 148 4152 lilios
165 4107 224 4172 post
242 4100 341 4154 obitum
360 4117 435 4154 suum
454 4101 638 4172 superstitutus
656 4100 742 4168 luerit,
762 4102 880 4172 quamdiu
899 4103 946 4157 filli
964 4103 1105 4158 advixerint
1119 4111 1186 4157 terra
1198 4103 1313 4172 habeant,
1333 4107 1399 4160 sieut

94 4203 115 4247 et
129 4197 167 4252 lex
184 4199 260 4254 salira
277 4197 360 4252 habet.
387 4199 422 4252 Et
440 4201 462 4253 si
481 4199 566 4270 subito
585 4197 653 4253 filios
673 4199 785 4254 defuncti
802 4201 905 4269 luerint,
923 4201 975 4255 iilia
994 4201 1070 4255 simili
1088 4201 1165 4256 modo
1186 4205 1306 4275 accipiant
1318 4212 1397 4260 terras

93 4295 164 4365 ipsas,
188 4301 254 4354 sieut
272 4307 297 4352 et
314 4297 361 4358 filii
380 4299 402 4352 ai
420 4300 473 4354 vivi
490 4299 600 4353 fuissent
618 4307 662 4352 aut
679 4298 835 4355 habuissent.
871 4301 905 4354 Et
923 4302 946 4354 si
963 4302 1079 4367 moritur,
1098 4301 1176 4356 frater
1194 4303 1256 4358 alter
1275 4305 1416 4381 supersti-¹

53 4398 76 4440 ³⁵
93 4399 155 4452 tutus
172 4397 257 4465 fucrit,
275 4397 353 4453 irater
370 4406 451 4453 terras
470 4399 590 4473 accipiant
608 4417 660 4453 non
677 4399 763 4454 vicini.
798 4399 833 4453 Et
851 4399 935 4454 subito
954 4400 1031 4454 frater
1049 4403 1169 4468 moriens,
1187 4401 1265 4456 irater
1282 4421 1334 4456 non
1354 4403 1397 4459 de-

92 4491 228 4566 relinquerit
252 4499 427 4570 superstitem,
449 4505 510 4553 tune
533 4517 607 4555 soror
630 4498 661 4554 ad
684 4505 750 4553 terra
774 4500 829 4572 ipsa
852 4498 952 4554 accedat
971 4499 1133 4573 possidenda.
1170 4501 1219 4556 Det
1236 4500 1274 4555 illi
1294 4521 1352 4559 vero
1372 4511 1398 4559 et

93 4693 202 4756 LXXIV.
238 4701 258 4773 ¹)
281 4701 324 4759 c'ta
348 4703 372 4759 1.
404 4707 471 4763 nesti
493 4714 568 4782 gante
591 4707 661 4788 higio
685 4705 709 4767 2.
764 4691 872 4784 LXXV.
901 4705 921 4779 ¹)
942 4706 985 4764 r'ta
1002 4707 1028 4765 2.
1056 4707 1162 4763 abonnia
1182 4706 1206 4764 1.
1235 4709 1333 4782 obpinis
1353 4707 1396 4784 ll,

93 4790 232 4850 aestieantae
250 4793 333 4872 chigio
351 4791 392 4851 11.
763 4797 885 4853 LXXVI.
919 4799 937 4874 ¹)
961 4799 1003 4865 ,οᾳ
1021 4796 1063 4876 11.
1091 4797 1229 4873 laeuespita
1248 4798 1271 4854 1.
