3210 5244
571 205 701 260 ruerus
729 205 909 260 trux-rr.
1143 191 1152 206 ⁰
1336 185 1394 261 ,29

103 383 175 450 ilem
196 379 264 448 iecit
286 402 372 471 quem
393 381 521 471 legitime
541 379 639 447 babeo
662 382 769 446 iactivo
793 377 981 446 admallutum
1003 381 1033 444 iu
1055 378 1113 446 huc
1136 376 1217 468 quud
1239 379 1288 446 lex
1308 368 1397 446 salies

103 503 225 568 conticet.
256 521 310 588 ego
337 520 427 586 super
447 520 493 564 me
517 511 546 565 et
568 519 657 585 super
679 496 798 562 lurtuue
819 517 883 571 mea
905 518 985 584 poue
998 494 1092 584 'quod
1112 509 1146 562 tu
1168 517 1290 562 securus
1315 499 1396 562 mitte
1413 498 1474 560 tii.

101 620 126 680 iu
149 615 262 682 sustuna
284 637 345 688 sua
371 636 520 680 manum«
554 625 583 680 et
613 613 691 678 dieat
713 612 749 678 de
772 633 860 678 causa
882 624 912 676 et
933 611 969 678 tle
993 624 1134 700 quantum
1160 615 1187 677 ei
1208 610 1295 677 fidem
1316 611 1394 680 fecit.

102 733 174 802 Tunc
187 731 278 820 grafio
294 731 420 820 collegat
435 743 544 820 septem
559 722 826 818 rachiueburgius⁸
844 723 991 810 [idoneos]
1008 729 1093 794 etsie
1109 749 1175 794 eum
1189 729 1260 816 ipsis
1277 727 1315 794 ad
1330 750 1398 794 casa

77 849 165 914 sillius
192 850 242 936 qui
270 846 357 912 fidem
386 837 455 912 iecit
483 845 613 914 ambulet
635 858 665 912 et
689 858 775 934 roget
796 845 877 910 illum
899 846 925 910 si
946 843 989 910 ibi
1011 866 1149 932 praeseus
1172 857 1216 912 est
1238 847 1289 933 qui
1310 843 1397 916 iidem
1414 849 1474 909 330.

101 964 158 1030 lecit
182 976 211 1028 et
239 963 331 1030 dicat:
367 959 440 1051 »qui
467 959 666 1051 adpraesens
689 985 719 1028 es
741 963 893 1032 voluntate
916 975 969 1027 tua
990 961 1072 1028 solve
1094 962 1212 1027 bomine
1234 963 1292 1028 isto
1316 961 1397 1050 qued

102 1080 223 1147 elidem
246 1078 341 1146 fecisti
364 1092 394 1146 et
416 1080 496 1168 elege
518 1093 552 1146 tu
574 1079 650 1146 duos
673 1101 748 1168 ques
763 1080 893 1146 volueris
910 1074 1057 1160 [idoncos]
1074 1101 1140 1144 eum
1154 1077 1397 1167 racbiucburgius
1414 1087 1474 1146 331.
1505 1165 1508 1169 .

100 1201 161 1262 istus
188 1195 224 1262 da
253 1218 312 1284 quo
342 1197 456 1264 solvere
479 1195 586 1262 debeas
609 1196 777 1284 adpreciare
800 1194 926 1260 debeant
949 1207 979 1260 ct
999 1195 1058 1260 hec
1080 1194 1162 1283 quud
1185 1194 1274 1262 debes
1294 1217 1397 1260 secuu-

102 1313 158 1378 lum
178 1315 286 1378 iustum
308 1315 439 1401 precium
462 1312 679 1380 satisfaciatis«
714 1311 809 1406 ‚Quot
828 1314 853 1376 si
868 1310 969 1378 audire
984 1311 1112 1378 uoluerit
1125 1333 1263 1400 praeseus
1279 1325 1331 1378 aut
1345 1313 1397 1378 ab·

68 1449 87 1490 ιι
99 1453 169 1508 scus,
197 1444 268 1496 tuuc
297 1429 516 1518 rachiueburgii
545 1426 766 1518 [adpreciaudo]
794 1431 925 1516 precium
954 1440 1095 1516 quantum
1117 1428 1243 1494 valuerit
1265 1427 1396 1496 debitum

99 1546 169 1635 qued
190 1545 278 1614 debet
299 1541 416 1630 hce‘de
437 1545 559 1612 surtuua
581 1546 658 1612 illius
680 1546 793 1612 tollant.
818 1559 848 1612 et
869 1544 905 1609 de
927 1545 992 1632 ipsa
1014 1539 1197 1628 [secuudum]
1213 1545 1304 1634 legem
1322 1569 1396 1636 quae

97 1663 175 1730 debet
200 1663 274 1730 duas
302 1676 401 1752 partes
430 1663 478 1730 ille
507 1665 590 1730 cuius
619 1685 708 1728 causa
737 1676 781 1728 est
809 1661 846 1728 ad
868 1684 899 1728 se
921 1674 1054 1739 revocet,
1085 1663 1174 1727 tercia
1195 1674 1279 1749 parte
1301 1664 1394 1752 grafio

96 1781 163 1846 bete
192 1780 229 1846 ael
257 1802 291 1852 se
317 1781 478 1869 recolligat.
513 1783 539 1845 si
567 1792 662 1844 tamen
685 1778 777 1845 fretus
799 1783 856 1844 iam
879 1791 947 1844 aute
970 1778 1006 1844 de
1028 1780 1093 1866 ipsa
1115 1801 1203 1844 causa
1225 1801 1285 1844 meu
1308 1779 1396 1846 fuerit

99 1899 212 1964 solutus.
281 1895 312 1964 3.
342 1895 376 1962 Si
401 1897 443 1962 ibi
470 1897 563 1985 grafio
593 1898 708 1984 rogitus
735 1895 825 1962 luerit
850 1909 880 1960 et
901 1899 1003 1962 suuuis
1026 1918 1092 1960 eum
1114 1919 1174 1962 uou
1198 1899 1323 1962 tenuerit
1344 1910 1399 1962 aut·

63 2033 83 2072 1⁵
97 2029 168 2081 certa
187 2017 267 2080 racio
291 2013 436 2080 dominica
460 2026 490 2080 et
511 2011 658 2078 distulerit
678 2033 709 2078 se
731 2025 768 2094 ut
787 2035 847 2077 nou
870 2012 1000 2078 ambulet
1020 2034 1115 2101 usque
1138 2014 1264 2102 aliquem
1285 2015 1316 2078 iu
1334 2035 1395 2099 rem
1412 2011 1558 2086 2481,

96 2135 182 2198 mittat
210 2134 261 2219 qui
285 2153 351 2196 eum
375 2127 478 2219 [legem
502 2126 542 2212 et]
566 2131 707 2194 iustitiam
730 2131 851 2219 exigere
870 2129 988 2208 debeat,
1013 2128 1050 2195 de
1072 2132 1133 2196 vita
1156 2120 1310 2220 culpabilis
1332 2153 1395 2198 esse
1451 2149 1454 2160 ·

96 2248 174 2316 debet
194 2261 247 2316 aut
269 2261 410 2338 quantum
432 2248 511 2316 valet
532 2269 564 2312 se
585 2245 722 2314 redemat.

534 2434 585 2512 Ll.
611 2436 677 2514 '·De
705 2433 798 2512 ende
824 2446 918 2512 mete
930 2427 949 2510 ¹.

174 2597 203 2666 1.
234 2587 267 2665 Si
293 2600 358 2688 quis
381 2597 540 2687 grafiouem
564 2596 602 2683 ad
624 2619 670 2661 res
694 2597 801 2662 alienas
823 2596 984 2663 tollendum
1005 2599 1176 2663 invitaverit
1197 2611 1227 2664 et
1247 2602 1396 2688 rogaverit
1491 2605 1494 2615 '

65 2739 85 2777 ιι
97 2716 235 2784 ambulare
258 2729 288 2781 et
309 2717 436 2805 legitime
459 2715 540 2780 illum
562 2716 701 2779 iactivrim
725 2712 911 2780 admallatum
933 2737 993 2780 uon
1016 2715 1167 2791 babuerit,
1190 2715 1238 2782 ille
1261 2719 1395 2804 quicum

97 2837 171 2924 rega't
193 2845 229 2899 ut
250 2835 357 2896 iniuste
379 2831 464 2897 tollat
487 2844 644 2920 autequam
666 2831 793 2921 legitime
815 2830 986 2899 admallatus
1008 2831 1097 2898 luerit
1119 2845 1172 2898 aut
1186 2831 1259 2899 fides
1278 2836 1304 2899 ei
1318 2834 1396 2900 laeta

99 2946 204 3030 luerit',
228 2947 316 3016 8000
331 2948 461 3013 dinarios
485 2951 536 3037 qui
557 2948 670 3014 iaciunt
690 2947 803 3014 solidos'
818 2948 882 3014 200
898 2949 1052 3038 culpabilis
1067 2948 1222 3015 iudicetur.
1247 2947 1307 3033 [llle
1323 2975 1394 3017 vero
1495 2964 1498 2972 ’

99 3072 136 3156 pri
161 3081 251 3158 roget
272 3065 432 3156 graficuem
454 3068 562 3132 iniuste
584 3065 695 3154 aliquid
718 3066 891 3144 confiscare,
920 3065 1031 3132 solidos
1055 3066 1120 3133 200
1142 3067 1295 3155 culpabilis
1318 3069 1395 3134 iudi·
1473 3069 1476 3076 ⁴

89 3183 189 3270 'cetur].
259 3184 288 3250 2.
319 3181 353 3273 Si
374 3206 445 3250 vcro
468 3183 560 3273 grafio
583 3185 723 3249 invitatus
748 3205 837 3270 supra
858 3184 950 3273 legem
972 3197 1024 3250 aut
1047 3183 1177 3250 debitum
1200 3175 1311 3274 aliquitl
1334 3210 1394 3253 am-

59 3325 79 3368 ιι
92 3301 159 3390 plius
183 3303 287 3370 tollere
308 3303 553 3391 praesumpserit,
578 3313 631 3367 aut
652 3324 683 3385 se
704 3299 828 3367 redimat
850 3314 902 3367 aut
924 3301 960 3369 de
981 3304 1043 3369 vite
1066 3315 1224 3391 conponat.

122 3549 141 3620 ⁸)
164 3548 209 3606 itu
230 3545 277 3606 bic
300 3555 327 3606 et
348 3545 429 3622 infra
451 3546 577 3607 scribere
599 3533 670 3606 sciet
688 3547 713 3604 1.
765 3551 862 3623 hurgii,
879 3533 1042 3627 rethibur'gii,
1061 3549 1218 3625 rethiburgii
1235 3548 1334 3606 scribit
1352 3549 1393 3606 10.

89 3639 264 3712 rariusburgii,
286 3640 471 3714 rariusburgie,
489 3639 654 3713 raeiuiburgi,
673 3656 713 3694 re·
764 3641 951 3714 rachimburgii,
968 3642 1146 3714 rachinburgii,
1164 3642 1311 3717 ragiuburgi
1325 3641 1392 3699 scri·

90 3731 233 3803 ryueburgii
246 3727 347 3784 scribit
364 3729 389 3786 2.
412 3730 599 3804 rachimburgii,
618 3732 713 3786 recine—
766 3727 832 3787 bcct
849 3728 934 3788 cedd.
953 3729 1023 3806 lepis
1040 3729 1224 3804 reformatae.

89 3819 176 3894 iurgii,
195 3819 380 3894 raebineburgii
391 3817 491 3874 scribit
502 3817 527 3876 3.
555 3820 713 3874 ratiouebur-

89 3911 131 3982 gii,
149 3909 349 3975 raticueburies‚
369 3908 554 3964 raticueburiac
572 3907 671 3965 scribit
687 3908 713 3965 l.

89 4001 263 4072 racimburgii,
298 3983 492 4071 rachimburgiis
518 3997 713 4073 raebeuburgies
765 4001 809 4058 bl.
838 4002 857 4073 ¹)
875 4001 917 4058 ilc
929 4001 955 4059 2.
976 4001 1093 4060 rubrica
1107 3999 1188 4059 dccci
1201 4001 1225 4058 1.
1238 4001 1263 4057 ll.
1286 4003 1324 4058 lis
1335 4023 1393 4078 gra-

88 4089 279 4161 rscbeuburgia,
308 4088 497 4162 rachemburgii,
526 4089 713 4162 rachimburgii,
765 4092 858 4147 bouem
886 4093 917 4148 ad
943 4111 983 4148 res
1007 4093 1098 4148 alienas
1122 4096 1228 4148 invitato
1254 4094 1346 4149 tollent
1366 4093 1392 4150 3.

88 4177 423 4262 rachimburgiaescribitb.
438 4177 713 4251 rabiuburgi,raebsm·
765 4182 803 4236 lle
821 4182 999 4237 autoetimcthe
1017 4181 1042 4236 5.
1065 4183 1102 4237 Dc
1120 4183 1288 4239 audoctemite
1307 4183 1332 4240 6.
1355 4186 1392 4240 Dc
1411 4246 1416 4256 ⁶

88 4269 181 4342 burgii,
203 4267 374 4339 raehcburgii,
396 4269 592 4341 rachiucburgii‚
614 4268 713 4322 rachiu-
766 4288 796 4326 ce
815 4275 860 4344 qui
871 4273 1006 4346 grsliouem
1019 4271 1051 4326 ad
1065 4290 1106 4326 ιιι
1119 4271 1212 4328 alienas
1224 4276 1320 4348 iniuste
1330 4274 1392 4341 (tol-

88 4357 188 4432 burgiae
206 4355 306 4413 scribit
323 4356 348 4412 6.
372 4358 536 4432 eremburgi,
554 4357 711 4429 racimburgi,
764 4360 853 4418 lendes
872 4359 980 4422 addent
997 4358 1081 4419 cedd.
1099 4359 1171 4435 lepis
1182 4361 1309 4434 reform.)
1326 4366 1392 4418 invi-

88 4450 278 4522 raremburgias,
290 4449 478 4520 racimburgiis,
489 4448 632 4520 racimburgi
643 4446 711 4502 scri·
764 4453 856 4505 laverit
872 4449 973 4519 (invitat
990 4449 1027 4522 9.)
1045 4449 1069 4505 7.
1087 4449 1112 4506 8.
1131 4449 1156 4506 9.
1176 4459 1202 4508 ct
1220 4451 1302 4508 cedd.
1321 4451 1391 4528 lepis

90 4534 125 4594 bit
143 4537 169 4594 7.
200 4539 365 4613 recimburgi,
386 4539 546 4612 racimburgii
568 4536 666 4594 scribit
685 4535 712 4592 8.
763 4539 947 4610 reformatae.
974 4542 1011 4596 De
1029 4542 1172 4598 cudcemitc
1192 4541 1233 4598 10.

90 4629 264 4702 raeemburgii‚
290 4629 488 4701 rseemburgies,
514 4629 711 4701 raeemburgias‚
804 4632 823 4703 ⁸)
842 4631 916 4690 malb.
934 4631 1010 4690 autho
1029 4633 1090 4691 tulto
1109 4629 1134 4688 2.
1248 4673 1250 4680 ,

91 4717 410 4798 reeemtmgiaescrtttttt.
425 4718 711 4800 tethimburgii,rstbitt·
774 4749 777 4760 .
