3236 5242
213 219 265 294 80
781 241 966 294 novercis

213 427 273 484 254.
799 412 859 493 37,
874 425 931 484 11.·

133 531 193 592 336.
301 529 378 597 idest
400 529 530 620 expellis.

213 678 273 736 255.
815 663 867 744 31,
882 677 924 734 13.

135 785 196 845 337.
303 785 360 872 ipsi
394 754 522 873 parentis
554 780 593 848 ed
626 779 751 849 iudicem
779 803 886 871 rogare
916 780 1042 848 debeant
1071 793 1106 847 ut
1133 783 1158 847 ei
1188 782 1264 848 inter
1291 779 1426 851 homines
1454 778 1531 846 liciat

214 901 356 968 habitare.
1544 917 1554 955 r

214 1047 274 1105 256.
777 1033 967 1113 70‚19-22.
1075 1047 1078 1054 ’

136 1157 196 1217 939.
304 1151 337 1218 Si
360 1154 425 1241 quis
448 1145 654 1218 aristetoncm¹
676 1174 766 1240 super
785 1153 933 1218 hominem
948 1161 1097 1218 martirum
1114 1152 1303 1240 cepoieverit,
1328 1117 1416 1217 nralb.
1431 1150 1530 1236 cheol-

191 1264 344 1340 .barhio¹
372 1269 407 1337 de
436 1292 673 1360 unumquemque
703 1265 768 1336 600
798 1269 934 1337 denarios
964 1274 1016 1360 qni
1042 1263 1154 1336 iaciunt
1176 1267 1288 1335 solidos
1314 1265 1353 1335 15
1378 1267 1529 1357 culpabilis

213 1386 368 1453 iudicetur.

213 1533 274 1592 257.
790 1521 843 1602 70,
854 1535 897 1593 24.
907 1536 950 1593 25.
1543 1545 1563 1585 rt

303 1635 331 1690 Si
356 1636 413 1708 quis
437 1636 564 1690 hominem
587 1643 716 1690 mortuum
739 1653 816 1708 super
833 1635 940 1691 alterurn
958 1638 984 1690 in
1003 1634 1108 1692 nauium
1127 1643 1171 1689 auc
1188 1637 1215 1690 in
1232 1643 1303 1708 petra
1320 1635 1433 1704 miserit,
1456 1632 1528 1690 meib.

213 1733 355 1807 hidnlgus⁸
373 1734 490 1831 denarios
508 1732 578 1790 2500
597 1737 641 1808 qui
659 1733 756 1788 iaciunt
773 1733 873 1789 solidos
891 1733 926 1789 62
933 1736 957 1804 ¹),
981 1733 1113 1806 culpabilis
1131 1735 1265 1790 iudicetur.

212 1865 273 1924 ess.
776 1852 963 1932 tnta-30.

134 1967 194 2026 ste.
302 1960 334 2028 Si
363 1964 428 2050 quis
457 1961 577 2028 basilica
602 1965 771 2038 [voluntarie
796 1965 895 2028 ordine
914 1975 964 2024 erut
980 1965 1107 2038 sortasse
1124 1983 1179 2040 per
1197 1964 1408 2041 neyttqenetam]
1434 1964 1528 2028 ineen·

213 2075 303 2156 derit,
333 2078 419 2144 mrlb.
444 2075 622 2145 aintrudnn⁴
649 2078 736 2146 8000
766 2079 903 2146 denarios
933 2083 984 2168 qni
1012 2079 1128 2146 sarciunt*
1146 2078 1259 2145 solidos
1284 2077 1348 2145 200
1374 2078 1527 2167 culpabilis
1540 2101 1558 2140 n

212 2195 367 2260 iudicetur.
414 2193 447 2260 Si
475 2198 541 2284 quis
563 2195 685 2262 basilice
709 2197 919 2285 expoliaverit,
943 2196 1032 2263 malb.
1058 2191 1262 2262 chrotarsino'
1287 2194 1373 2262 1200
1395 2195 1526 2262 denarios

213 2315 263 2399 qni
287 2310 398 2378 iaciunt
420 2312 531 2379 solidos
555 2311 597 2379 30
621 2312 775 2402 culpabilis
800 2313 949 2380 iudicetur
971 2326 1098 2401 excepto
1123 2313 1247 2402 capitale
1271 2325 1300 2380 et
1323 2312 1462 2380 dilaturas.

212 2457 272 2515 259.
810 2446 934 2526 7030·

300 2562 334 2629 Si
357 2566 422 2653 quis
445 2564 639 2651 presbiterum
662 2564 853 2643 interfecerit,
878 2563 965 2631 math.
982 2559 1161 2645 theorzine⁶,
1186 2563 1296 2632 24000
1320 2564 1458 2637 denarios
1482 2567 1525 2654 qni

212 2679 323 2745 iaciunt
345 2680 455 2754 solidos
478 2679 544 2747 600
562 2681 715 2772 culpabilis
730 2683 887 2748 iudicetur.
924 2681 957 2748 Si
973 2685 1039 2771 quis
1056 2683 1212 2748 diaconum
1228 2680 1416 2761 interfecerit,
1442 2683 1524 2750 malh.
1537 2703 1557 2744 rc

107 2803 189 2863 ·3t2.
212 2791 378 2886 theurgiae²
404 2796 510 2864 12000
534 2799 669 2866 denarios
692 2803 743 2890 qni
765 2799 879 2865 faciunt
902 2798 1015 2865 solidos
1038 2797 1104 2866 300
1128 2799 1281 2887 culpabilis
1305 2798 1484 2867 iudicetur*

211 2943 280 3002 260:
782 2932 954 3014 tte-10.

133 3055 193 3116 373.
265 3039 268 3048 ⁴
301 3048 334 3118 Si
351 3050 530 3140 racimburgi
546 3051 609 3140 lege
627 3051 775 3118 noluerint
790 3049 886 3116 dicere
904 3053 933 3115 in
951 3051 1038 3116 mallo
1056 3051 1231 3131 residentes,
1254 3075 1320 3118 cum
1338 3075 1442 3118 causas
1457 3055 1527 3119 inter

212 3166 287 3232 duos
304 3166 503 3248 discusserint,
521 3169 603 3235 debit
618 3172 658 3234 cis
676 3169 770 3235 dicere
787 3171 837 3258 qni
854 3189 970 3234 causam
987 3172 1097 3258 querit:
1120 3169 1189 3235 »dic
1204 3169 1291 3236 nohis
1305 3171 1369 3260 lege
1380 3171 1521 3236 saliens

211 3283 243 3350 Si
267 3286 314 3350 iiie
336 3276 495 3351 noluernnt
518 3285 631 3365 dicere,
655 3300 726 3353 tunc
749 3288 854 3351 iterum
878 3289 941 3373 ipse
965 3285 1054 3352 debet
1076 3286 1186 3352 dicere:
1221 3309 1298 3376 »ego
1320 3309 1377 3353 vos
1399 3311 1475 3377 rogo
1496 3300 1528 3352 ut
1541 3311 1564 3351 rs

210 3403 281 3466 mihi
304 3416 334 3468 et
356 3404 413 3469 isto
436 3406 617 3490 gasationem
641 3425 700 3493 quo
724 3403 816 3493 legem
841 3403 976 3470 dicatis«
1006 3403 1053 3470 bis
1077 3417 1129 3470 ant
1150 3417 1210 3472 tres
1232 3405 1291 3471 hcc
1313 3405 1402 3473 debet
1424 3405 1526 3474 dicere.

112 3565 116 3580 ·
209 3549 270 3608 261.
806 3537 858 3618 71,
871 3551 930 3611 tt·
1321 3628 1322 3636 Ν

244 3647 648 3725 Beterraeondempnnta.
677 3650 705 3708 Si
719 3653 840 3724 quieter·
931 3645 1111 3722 [Deterret
1129 3649 1383 3710 commendata.
1416 3651 1528 3728 Siquis

209 3767 261 3804 ram
281 3749 386 3806 alienam
402 3751 623 3824 condempnaverit
635 3761 660 3806 et
672 3754 695 3834 ci
707 3751 784 3806 inerit
796 3751 841 3806 ad·
894 3749 978 3808 alteri
988 3751 1101 3838 atticam
1112 3759 1218 3810 terram
1227 3769 1308 3810 ettam
1317 3753 1527 3811 commendave-

210 3847 351 3920 probatum,
364 3848 434 3904 2500
447 3850 563 3904 denarios
577 3852 621 3923 qui
633 3849 729 3906 iaciunt
741 3851 840 3908 solidos
893 3850 931 3905 rit
943 3857 969 3906 et
981 3850 1008 3907 ei
1019 3849 1142 3908 nolucrit
1153 3849 1286 3923 reddere,
1300 3853 1326 3909 ai
1340 3871 1402 3910 eum
1415 3851 1528 3909 ammal-
1541 3865 1560 3908 tt
1599 3931 1600 3938 ἵ

209 3944 244 4001 62
251 3951 277 4016 ¹l,
299 3947 430 4028 eulpabilis
448 3949 582 4006 iudicetur.
893 3946 998 4005 laverit
1015 3958 1042 4006 ct
1060 3951 1251 4021 convincerit,
1268 3949 1467 4009 doddinert'es
1483 3951 1529 4025 qui
1599 3967 1600 4034 ἦ

891 4045 1006 4116 faciunt
1024 4047 1131 4108 solides
1149 4048 1187 4106 15
1199 4049 1353 4126 culpabilia
1366 4048 1527 4118 indicetne]
1599 4039 1600 4068 ³

210 4122 270 4237 sce.
805 4167 857 4248 32,
871 4181 929 4240 23.-

299 4278 385 4352 quod
407 4299 601 4355 paganorum
624 4289 751 4354 tempus
776 4283 999 4341 observabant.

249 4588 269 4656 ⁸)
288 4585 330 4640 ita
348 4583 373 4640 7.
396 4586 538 4642 chlebarbio
557 4585 583 4643 8.
607 4588 757 4644 eheoberbic
776 4587 801 4644 9.
894 4586 954 4646 259.
982 4591 1003 4658 ⁰)
1021 4587 1063 4642 ita
1080 4587 1106 4644 8.
1128 4589 1243 4644 tccrzine
1261 4585 1287 4643 7.
1309 4587 1424 4642 thenrrin
1442 4585 1470 4642 9.

210 4674 271 4732 257.
301 4675 321 4745 ⁸)
340 4674 382 4730 ita
399 4673 423 4730 7.
441 4675 468 4731 8.
485 4675 511 4732 9.
934 4681 954 4751 ¹)
971 4676 1014 4736 ita
1031 4675 1058 4735 8.
1080 4681 1192 4753 tcorgiae
1211 4675 1236 4735 7.
1259 4677 1377 4752 theurgis
1394 4675 1419 4732 9.

185 4539 187 4542 .
209 4493 270 4568 256.
302 4496 320 4564 ¹)
338 4494 381 4551 a'ta
399 4494 425 4551 7.
443 4504 596 4552 testatorem
613 4494 639 4554 8.
658 4505 805 4554 testatorem
815 4497 841 4554 9.
934 4498 954 4568 ⁸)
973 4497 1014 4554 ita
1033 4495 1058 4551 7.
1076 4496 1102 4554 8.
1121 4497 1146 4555 9.

211 4763 271 4822 258.
299 4766 320 4838 ⁴)
332 4764 381 4825 ,ita
393 4761 417 4822 7.
429 4763 454 4824 8.
467 4764 493 4832 9.
510 4765 553 4826 alu
564 4767 639 4826 trude
651 4766 710 4827 thee
722 4769 786 4828 tidie
799 4765 842 4828 10.

1463 4981 1465 4986 ’
1590 5017 1598 5212 i
