3236 5242
537 231 674 296 TEXTUS
694 241 726 294 B.
744 233 843 298 251·-
855 231 920 294 273.

75 429 132 490 coe.
538 416 590 495 32,
603 426 726 486 cr-ae.
751 411 922 492 33,1-11.
953 385 957 392 ’
995 405 998 413 ’

157 531 287 604 [deinceps
305 546 443 604 numquam
460 528 551 585 valeat.
580 531 639 602 quia
656 547 701 602 per
718 530 799 602 ipsam
817 524 957 582 multorum
976 520 1066 578 cecidit
1082 517 1217 594 potestas]

679 647 788 726 thar.

159 765 229 839 quod
249 767 271 820 si
289 767 337 820 ianr
356 782 402 838 pro
421 763 466 819 illo
485 772 556 838 pater
574 771 618 818 aut
635 770 715 816 mater
733 751 879 816 vel'lratris
899 756 1030 814 solverint.

50 915 60 952 s
73 899 129 956 265.
464 937 466 942 ,
680 880 731 959 71,
745 893 788 950 29.

130 978 136 990 ’
157 1006 218 1054 tnnc
236 1017 313 1070 super
331 1001 428 1069 sororis
447 999 535 1052 matris
555 1005 599 1052 aui
617 1013 692 1069 super
712 1012 774 1048 snos
792 993 870 1046 filios.

73 1131 129 1188 ees.
524 1146 527 1157 s
592 1101 593 1111 '
669 1114 796 1192 72,e.r.

159 1236 192 1303 Si
216 1239 282 1327 quis
306 1251 442 1302 mortuus
465 1235 554 1302 luerit
568 1209 606 1298 et
628 1233 704 1310 filios
727 1253 786 1296 non
812 1227 969 1304 dimiserit,
997 1229 1021 1292 si
1045 1239 1129 1314 pater
1153 1237 1393 1327 0010000050-

72 1353 247 1441 perfuerint,
272 1357 329 1442 ipsi
352 1357 381 1419 in
403 1353 596 1418 hereditatem
620 1349 787 1414 succedant.

47 1499 128 1556 nter.
554 1461 557 1469 ’
638 1485 826 1560 72‚1r-15.

159 1601 206 1689 [Si
229 1629 300 1670 vero
328 1608 440 1670 sororis
464 1607 564 1670 matris
588 1625 648 1667 non
672 1599 794 1676 suerint,
826 1601 867 1663 sic
891 1581 1009 1662 sorores
1032 1599 1124 1686 patris
1148 1599 1178 1662 in
1201 1595 1393 1662 hereditatem
1411 1599 1471 1658 350.

75 1719 243 1805 succedant]
272 1736 301 1788 et
328 1736 433 1809 postea
462 1721 497 1786 de
529 1721 584 1786 illis
615 1713 855 1808 generationibus
885 1719 1062 1803 quicumque
1085 1717 1286 1802 »proximiores
1313 1728 1391 1793 sunt,
1481 1739 1483 1744 ’

76 1844 126 1927 ipsi
156 1843 186 1904 in
214 1838 405 1925 hereditatem
435 1835 595 1902 succedant
624 1839 675 1923 qui
704 1857 741 1906 ex
769 1846 893 1920 paterno
923 1855 1028 1920 genere
1058 1836 1189 1898 veniunt.
1242 1831 1286 1897 De
1315 1845 1393 1896 terra

76 1979 142 2021 vero
167 1955 256 2022 salica
278 1955 357 2022 nulla
382 1959 412 2018 in
434 1955 554 2018 muliere
577 1951 749 2018 hereditatis
774 1962 903 2014 transeat
924 1953 1037 2036 porcio,
1062 1949 1115 2014 sed
1139 1950 1176 2014 ad
1190 1950 1283 2015 virilis
1304 1971 1393 2016 sexus

45 2085 133 2137 reuera
158 2085 238 2137 terra
259 2075 469 2160 propriaetatis
493 2093 564 2135 suae
586 2068 773 2157 possedeant.
817 2100 820 2107 ·

77 2219 130 2275 268.
639 2203 691 2280 72,
704 2216 737 2271 25
745 2246 776 2256 -·
784 2214 827 2270 28.

160 2327 280 2390 sivero
310 2326 357 2392 ille
385 2339 438 2390 aut
467 2321 620 2390 occidatur
649 2333 702 2386 aut
731 2323 888 2396 moriatur,
919 2320 1085 2407 conpositio
1110 2331 1162 2384 aut
1184 2318 1331 2385 hereditas
1355 2318 1393 2384 ad
1411 2331 1471 2391 351.

84 2442 142 2507 hsce
164 2445 320 2531 perteniat.

89 2588 137 2646 aee.
586 2561 589 2570 '
639 2567 690 2650 33,
704 2583 825 2640 ao-eo.

55 2698 75 2738 tt
160 2691 188 2745 Si
213 2691 271 2761 quis
290 2688 321 2743 de
339 2705 414 2742 manu
433 2687 465 2741 ad
483 2688 520 2741 ira
539 2685 635 2758 aliquid
653 2704 697 2757 per
715 2688 834 2738 virtutem
854 2685 951 2740 tullerit
970 2693 1013 2740 aut
1030 2687 1142 2759 rapuerit
1159 2684 1200 2742 vel
1220 2686 1394 2759 expoliaverit,

85 2786 142 2843 1200
160 2789 279 2844 denarios
299 2789 343 2859 qui
361 2786 457 2840 faciunt
475 2785 574 2840 solidos
592 2782 627 2839 30
646 2783 778 2875 culpabilis
797 2785 929 2840 iudicetur.

81 2920 131 2978 270.
375 2946 377 2951 v
638 2904 690 2982 72,
704 2917 738 2972 35
747 2917 827 2974 -37,

126 2979 127 2984 ¹
160 3025 195 3092 Si
218 3047 289 3090 vero
313 3027 489 3112 quicumque
513 3023 639 3110 desuper
661 3023 808 3086 hominem
833 3022 943 3110 aliquid
967 3026 997 3088 in
1019 3025 1105 3090 tertia
1129 3046 1217 3090 manu
1235 3027 1346 3092 miserit
1363 3038 1393 3089 et
1410 3031 1471 3094 352.

75 3165 124 3229 per
145 3147 288 3210 virtutem
316 3141 421 3228 aliquis
452 3142 478 3204 ei
507 3140 632 3218 tullerit,
662 3138 748 3204 malb.
773 3133 902 3204 aroena¹
934 3137 1019 3205 1400
1047 3141 1191 3206 denarius
1207 3144 1258 3230 qui
1281 3141 1394 3208 iaciunt

39 3287 60 3327 re
75 3260 184 3326 solidos·
209 3257 250 3324 35
275 3257 427 3346 culpabilis
450 3255 606 3322 iudicetur.

72 3408 130 3464 271.
655 3391 706 3468 73,
723 3403 811 3460 5-7.

161 3511 197 3578 Si
220 3513 286 3600 quis
309 3510 454 3576 hominem
477 3509 635 3596 ingenuum
660 3511 711 3595 qui
733 3510 795 3596 lege
819 3508 907 3572 salica
929 3509 1005 3574 vivit
1028 3509 1097 3574 dum
1120 3512 1150 3574 in
1173 3511 1258 3576 hoste
1283 3521 1327 3576 est
1343 3531 1392 3576 oe·
1410 3521 1470 3582 353.

74 3631 186 3703 riserit.
212 3626 299 3693 8000
322 3627 457 3691 denarios
482 3629 532 3712 qui
555 3624 667 3690 iaciunt
689 3625 800 3691 solidos
824 3623 888 3688 200
912 3626 1067 3713 culpabilis
1092 3627 1248 3692 iudicetur.

71 3777 131 3832 272.
654 3748 708 3837 34,'
719 3772 760 3828 20.
771 3773 813 3828 21.

35 3906 56 3946 u
163 3877 198 3944 Si
236 3881 301 3965 quis
331 3878 473 3943 caballum
501 3891 650 3942 mortuum
679 3880 741 3940 sine
768 3880 911 3964 permisso
942 3879 1052 3943 domini
1081 3880 1127 3942 501
1157 3881 1390 3959 excorticaverit,

70 3996 162 4060 rnalb.
188 3989 348 4059 leodardo'
371 3992 434 4059 120
458 3991 592 4058 denarios
616 3995 665 4080 qui
690 3994 802 4059 faciunt
824 3996 936 4064 solidos
959 3995 978 4060 3
1003 3995 1156 4082 culpabilis
1180 3996 1335 4064 iudicetur.

69 4143 129 4199 273.
656 4126 808 4204 35‚e-o.
846 4187 849 4198 .

163 4243 198 4311 Si
225 4248 293 4340 ⁴quis
320 4245 467 4345 hominem
498 4243 534 4308 de
562 4243 656 4330 bargo
681 4244 727 4308 vel
757 4245 792 4308 de
817 4243 900 4310 furca
923 4246 1054 4312 abattere
1076 4251 1307 4336 praesumpserit
1329 4253 1391 4316 sine

68 4364 230 4430 voluntate
257 4361 377 4440 iudicis,
407 4361 494 4426 malb.
520 4355 705 4426 sahancheo'
736 4359 821 4426 1800
846 4361 980 4429 denarios
1004 4367 1055 4452 qui
1078 4364 1191 4431 iaciunt
1213 4365 1324 4430 solidos
1347 4364 1390 4431 45

31 4477 231 4569 inculpabilis
261 4475 441 4543 indicetne*
488 4475 519 4542 Si
550 4480 615 4565 quis
643 4491 732 4564 eaput
761 4477 796 4542 de
825 4478 957 4560 homine,
990 4505 1075 4570 quem
1106 4507 1177 4550 suns
1202 4485 1336 4549 inimicus
1360 4486 1391 4548 in
1409 4495 1489 4558 o355,

66 4665 130 4721 ²7⁰·
163 4665 186 4734 ¹)
204 4662 245 4718 119
262 4659 287 4718 ⁷·
305 4658 331 4717 8·
349 4661 374 4716 9·
646 4731 649 4738 ⁴
741 4629 819 4718 em
847 4663 969 4733 Ι11107.
989 4665 1013 4721 9.
1037 4667 1198 4722 sambachseo
1218 4667 1243 4724 0.

66 4755 130 4812 272.
163 4753 188 4824 ¹)
205 4753 246 4810 ito
264 4752 288 4808 7.
311 4749 371 4808 leud
388 4748 414 4806 8.
437 4748 551 4806 leodardi
569 4749 593 4806 9.

1094 4855 1125 4946 11
