3236 5242
215 203 265 280 98
764 225 983 280 3313553311.

210 397 302 468 utqui
320 395 446 450 hominem
464 395 491 448 13
510 393 612 452 domum
632 397 918 452 53333333131131313
939 397 1063 450 occiserit.
1116 390 1159 449 36.
1188 391 1292 450 solidos
1311 389 1381 448 2105
1392 400 1413 460 ¹,
1436 401 1464 448 31
1482 396 1522 465 qui

210 497 382 550 reensionem
400 496 426 551 in
445 493 549 550 domum
566 511 637 550 53331
658 496 780 552 occiserit.
808 496 846 552 lle
864 497 994 552 Romanus
1007 513 1068 550 vero
1082 493 1122 550 vel
1140 492 1202 550 litus
1219 491 1262 548 lex
1273 493 1322 548 ista
1335 509 1367 548 cx
1378 491 1523 548 mediaetate

210 593 334 652 solvatur.

737 721 1001 734 m

483 983 488 995 ·
549 897 552 903 Ι
600 948 856 1051 [decapitulatio
884 948 972 1049 legis
1000 948 1137 1026 salicae.

297 1107 454 1174 Sciendum
478 1120 523 1172 est
544 1108 626 1195 quod
649 1111 679 1173 in
702 1109 879 1197 quibusdam
899 1110 972 1197 legis
987 1109 1082 1174 salicis
1097 1110 1288 1174 inveniuntur
1302 1109 1430 1196 capitula
1444 1111 1545 1196 prin-e

210 1225 313 1312 3133113
336 1223 393 1302 65,
418 1229 448 1288 13
472 1223 648 1313 quibusdam
671 1248 743 1289 vero
768 1224 824 1304 70,
849 1229 878 1289 13
901 1225 1077 1314 quibusdam
1101 1221 1168 1308 [80]
1185 1229 1270 1291 etiam
1286 1227 1374 1312 33313
1390 1225 1458 1314 3135
1474 1239 1521 1289 331

208 1342 432 1438 paulominus.
469 1363 544 1430 quae
573 1345 761 1407 eontinentur
788 1343 844 1408 alia
868 1344 994 1432 capitula
1018 1345 1048 1406 in
1072 1341 1248 1432 quibusdam
1272 1341 1424 1408 codicibus
1449 1339 1519 1418 300,

208 1460 239 1522 13
262 1457 439 1546 quibusdam
461 1481 532 1524 vero
555 1462 651 1524 minus
672 1460 730 1524 331.
773 1459 890 1524 Habent
913 1462 999 1524 etiam
1022 1463 1134 1546 species
1155 1463 1186 1526 in
1209 1459 1387 1548 quibusdam
1408 1458 1518 1535 libellis,

208 1577 238 1638 in
261 1575 439 1662 quibusdam
461 1597 532 1640 vero
555 1578 651 1642 131335
675 1576 721 1640 vel
743 1577 833 1662 33313
858 1577 934 1662 3135.

295 1691 503 1779 Inquirendum
535 1705 579 1756 est
611 1671 830 1780 conpositiones
859 1693 932 1780 legis
960 1693 1065 1757 salicae
1094 1705 1169 1781 quot
1196 1696 1351 1758 varietates
1380 1706 1410 1778 31
1437 1715 1519 1780 quem
1535 1721 1557 1761 13

207 1830 361 1873 numerum
383 1831 437 1896 per
459 1811 623 1886 minimum,
648 1831 723 1898 quae
745 1831 816 1875 vero
839 1811 1074 1896 permaximum
1096 1811 1206 1876 habeat
1221 1803 1409 1893 [divisionis].
1441 1806 1520 1891 [con-

206 1928 370 2014 positiones
392 1940 463 1992 5331
485 1925 559 1992 358.
590 1927 745 1992 varietates
768 1922 835 2008 31]

237 2037 240 2041 ’
298 2039 327 2109 1.
350 2043 493 2132 Imprimis
516 2047 593 2109 enim
615 2041 683 2108 inde
706 2041 744 2108 ad
767 2055 877 2130 septem
900 2041 1052 2121 denarios,
1076 2045 1149 2108 3151
1166 2046 1231 2130 quis
1247 2067 1355 2131 agnum
1370 2043 1516 2110 iuraverit.

207 2157 239 2224 2.
261 2158 332 2225 1303
354 2160 393 2225 30
416 2159 514 2226 033313
538 2160 674 2226 03331135
696 2173 732 2224 31
754 2161 779 2224 51
798 2161 863 2247 quis
880 2159 998 2226 alterius
1014 2182 1136 2226 messem
1152 2131 1343 2228 damnaverit.
1400 2161 1431 2228 3.
1454 2162 1516 2228 1303

207 2276 246 2341 30
268 2275 395 2342 solidum
417 2299 523 2355 33313,
553 2291 588 2342 31
610 2279 636 2342 51
658 2279 725 2364 quis
748 2277 907 2364 porcellum
932 2279 982 2364 qui
1004 2279 1067 2342 5133
1089 2291 1181 2342 matre
1201 2281 1301 2342 vivere
1318 2291 1421 2365 potest
1442 2278 1509 2342 13115
1522 2307 1541 2346 rs

207 2394 326 2458 0313313
348 2394 499 2460 iuraverit.
555 2394 586 2460 4.
610 2393 680 2458 1303
704 2394 739 2458 30
764 2393 891 2458 53110313
908 2415 1000 2458 33313
1016 2409 1045 2459 31
1059 2398 1208 2474 tremisso,
1232 2409 1267 2460 ut
1282 2399 1306 2460 si
1322 2398 1388 2483 quis
1404 2396 1509 2460 alterins

206 2533 324 2576 servum
353 2511 438 2576 cedit.
508 2509 698 2577 5130330
726 2509 837 2574 5311035
868 2508 902 2586 3,
937 2522 972 2574 31
1001 2513 1025 2574 51
1055 2513 1120 2599 quis
1148 2525 1208 2577 tres
1238 2535 1339 2602 333135
1369 2511 1511 2577 iuraverit.
1614 2525 1615 2576 1

204 2627 277 2693 haee
300 2630 475 2715 compositio
499 2640 559 2694 tres
582 2625 745 2692 solidorum
768 2630 797 2690 in
822 2625 861 2693 61
886 2627 957 2692 13315
980 2628 1052 2716 legis
1075 2629 1171 2694 salicis
1194 2623 1328 2696 habetur.
1398 2627 1429 2696 6.
1452 2629 1514 2694 1303

205 2742 242 2810 ad
271 2744 382 2810 5311035
411 2744 431 2810 3
460 2759 490 2811 31
518 2745 654 2822 0333113,
684 2757 719 2808 31
747 2746 772 2808 51
802 2747 868 2831 quis
891 2744 1010 2808 viduam
1033 2748 1062 2810 in
1086 2749 1224 2833 coniugio
1247 2748 1376 2812 voluerit
1397 2751 1513 2812 5331313.

204 2860 234 2926 7.
258 2861 327 2928 1303
350 2862 389 2928 30
411 2862 524 2930 5311035
547 2861 578 2940 5,
602 2863 634 2926 111
656 2873 726 2926 5331
747 2864 798 2948 qui
816 2873 902 2946 13313
918 2861 1074 2927 secundam
1090 2865 1324 2950 conpositionem
1338 2865 1512 2951 persolvant.
1528 2895 1551 2931 ro

203 2976 234 3043 8.
269 2978 338 3044 Inde
367 2979 405 3044 30
433 2980 545 3044 5311035
575 2977 596 3044 6
624 3000 679 3065 313
706 2977 906 3064 redemptione
929 2981 1007 3042 servi
1028 2991 1063 3042 31
1085 3001 1144 3043 333
1167 2993 1320 3045 335113131.
1354 2981 1427 3046 11333
1449 3004 1515 3046 con-

203 3097 314 3182 positio
334 3118 397 3166 ,sex
425 3096 537 3161 solidos
566 3099 598 3159 in
627 3097 756 3184 quinque
784 3095 856 3158 locis
884 3093 1019 3160 habetur.
1095 3094 1124 3160 9.
1159 3097 1228 3162 1303
1251 3096 1288 3161 30
1311 3096 1423 3162 5311035
1446 3097 1465 3161 7
1489 3112 1516 3162 31

204 3210 370 3290 dimidium,
394 3226 429 3278 ut
452 3217 477 3278 si
500 3215 566 3302 quis
588 3234 723 3276 serovam
746 3211 1316 3298 53111131113133133113533311311331.
1376 3214 1426 3280 10.
1449 3215 1515 3280 1303

205 3327 243 3394 30
271 3329 382 3394 5311035
412 3329 448 3410 9,
478 3343 513 3396 ut
540 3332 566 3394 si
593 3332 658 3417 quis
690 3308 812 3394 alterum
841 3328 940 3394 313353
967 3351 1068 3418 pugno
1091 3333 1227 3416 33133111.
1255 3332 1327 3396 11333
1350 3335 1515 3420 conpositio

204 3444 225 3512 9
248 3447 410 3512 5311031313
434 3448 547 3512 intres
569 3447 642 3512 13315
665 3445 800 3510 habetur.
872 3443 922 3510 11.
949 3445 1018 3510 1303
1041 3445 1079 3510 30
1102 3446 1212 3514 5311035
1238 3447 1278 3514 12
1302 3461 1332 3514 31
1354 3448 1514 3528 dimidium,
1531 3481 1554 3520 ee

203 3576 238 3628 ut
260 3567 285 3628 51
308 3567 374 3652 quis
397 3585 516 3629 servum
538 3563 752 3628 ministerialem
775 3566 806 3624 in
827 3565 930 3626 mortis
952 3563 1112 3649 periculum
1135 3565 1276 3628 1331153111
1299 3579 1328 3630 31
1349 3587 1417 3630 3313
1436 3566 1515 3631 Dens

201 3680 372 3758 liberavit,
426 3680 476 3746 12.
512 3679 581 3744 1303
609 3679 648 3743 30
676 3679 786 3743 5311035
818 3675 873 3756 15,
902 3692 937 3742 31
964 3682 989 3743 si
1016 3683 1080 3766 quis
1104 3702 1242 3767 sponsam
1266 3683 1383 3748 alterius
1406 3685 1513 3749 tulerit.

201 3799 275 3865 11333
304 3784 473 3887 conpositio
504 3795 544 3861 15
570 3794 734 3865 solidorum
763 3799 793 3858 in
822 3791 864 3860 90
892 3809 921 3859 31
949 3793 968 3860 3
996 3797 1062 3860 1333
1089 3796 1225 3864 11353131.
1302 3798 1351 3866 13.
1381 3801 1451 3866 1303
1478 3799 1514 3866 30

203 3915 314 3982 5311035
340 3915 379 3982 17
411 3929 440 3980 31
463 3913 626 3990 dimidium,
657 3911 1273 4000 31513315311311353311313131333111.
1310 3917 1381 3982 11333
1405 3940 1514 4006 33333-

202 4037 270 4100 51113
295 4032 335 4098 17
360 4047 390 4097 31
414 4031 564 4106 0113101133
587 4029 748 4096 5311031313
771 4030 964 4094 1311131333
988 4031 1122 4096 11363131.
1181 4031 1232 4098 14.
1253 4033 1323 4098 1303
1346 4033 1384 4100 30
1403 4035 1540 4100 53110353

202 4151 246 4218 22
274 4163 303 4216 31
331 4148 500 4241 dimidium,
534 4161 568 4214 ut
594 4151 620 4212 si
648 4149 713 4234 quis
742 4145 928 4212 tributarium
957 4145 1121 4214 Romanum
1149 4150 1180 4212 in
1208 4149 1313 4238 pelago
1344 4155 1512 4239 impinxerit.
1610 4159 1611 4188 ³

204 4262 925 4352 15130330531103525,315133155313313
941 4263 1153 4330 ministerialem
1170 4269 1313 4332 occiserit.
1371 4266 1513 4334 161303

203 4384 241 4449 30
273 4383 384 4449 5311035
416 4381 475 4459 30,
512 4385 537 4446 51
573 4384 638 4470 quis
673 4381 790 4446 31131135
825 4381 956 4446 ancillam
984 4381 1133 4447 furaverit.
1174 4383 1245 4449 11333
1276 4387 1442 4472 3333351113
1469 4383 1512 4451 30
1609 4435 1610 4470 p

202 4500 363 4569 solidorum
385 4505 418 4566 in
441 4499 484 4568 28
506 4499 578 4566 13315
599 4497 735 4566 habetur.
794 4495 844 4566 17.
867 4498 937 4566 1303
959 4499 997 4565 30
1017 4499 1127 4565 5311035
1144 4497 1200 4580 35,
1224 4505 1298 4570 3151
1314 4506 1379 4592 quis
1394 4526 1511 4570 servum

267 4725 284 4782 Ι)
305 4727 481 4778 3300011107,
