3236 5242
482 266 703 330 ueurssorn.
746 266 1061 330 uxrnaveeeurns.
1382 248 1431 320 99
1526 305 1527 313 ,

115 450 233 514 alterius
267 444 418 511 iuraverit.
465 445 537 508 haec
571 445 737 530 conpositio
772 437 814 506 35
846 440 1010 505 solidorum
1043 441 1074 502 in
1110 437 1153 504 24
1188 439 1261 505 locis
1295 439 1431 508 habetur.

116 565 166 631 18.
190 563 260 629 lude
283 563 321 628 ad
344 555 454 627 solidos
476 559 536 637 05,
560 573 596 624 ut
618 562 643 624 si
667 562 733 647 quis
756 561 968 624 uuaranioncm
989 557 1142 624 furaverit.
1173 559 1246 624 haee
1265 562 1431 647 conpositio

113 681 155 748 45
185 681 346 745 solidorum
374 683 405 743 in
436 675 478 743 36
501 679 572 742 locis
596 675 731 742 habetur.
803 663 852 739 19'.
882 672 952 740 lude
976 673 1015 739 ad
1037 674 1149 741 solidos
1174 674 1230 752 50,
1260 688 1295 739 ut
1317 678 1342 740 si
1366 679 1432 766 quis

112 797 280 863 Romanum
303 800 334 860 in
355 796 460 884 pelago
485 795 655 884 inpinxcrit.
724 791 776 858 20.
800 791 870 857 lude
893 791 931 856 ad
954 791 1066 858 solidos
1089 790 1132 858 62
1156 805 1185 858 et
1208 792 1374 870 dimidium,
1398 807 1433 859 ut

82 919 138 980 asi
175 917 239 1003 quis
267 914 413 978 hominem
441 925 594 1000 percutere
622 909 687 974 vult
717 932 783 975 cum
809 908 909 998 gladio
940 923 968 974 et
997 932 1063 974 cum
1091 931 1152 974 non
1180 912 1319 999 tetigerit.
1358 909 1432 976 haec

112 1033 280 1120 conpositio
310 1027 352 1095 62
367 1039 411 1096 ἰι
439 1027 551 1094 dimidii
579 1027 743 1095 solidorum
771 1029 815 1094 in.
830 1024 874 1092 40
902 1026 976 1091 locis
1004 1026 1140 1092 habetur.
1213 1026 1265 1094 21.
1295 1025 1364 1092 lude
1393 1027 1432 1093 ad

110 1148 224 1214 solidos
240 1145 299 1224 70,
317 1160 352 1212 ut
367 1148 391 1212 si
407 1148 472 1234 quis
489 1168 606 1212 servum
622 1167 687 1210 cnm
703 1143 836 1208 ancillam
851 1143 1066 1211 ministerialem
1081 1143 1232 1210 furaverit.
1283 1145 1337 1210 22.
1361 1143 1432 1210 lude

110 1266 150 1331 ad
172 1264 284 1329 solidos
308 1261 365 1340 75,
389 1276 424 1328 ut
445 1267 471 1328 si
494 1266 560 1351 quis
583 1283 701 1357 servum
720 1260 937 1326 ministerialem
955 1263 987 1324 in
1003 1274 1066 1326 oste
1083 1264 1226 1328 occiserit.
1284 1261 1336 1328 23.
1360 1260 1431 1327 Inde
1506 1297 1509 1305 =

110 1383 149 1448 ad
184 1379 295 1446 solidos
329 1378 389 1456 90,
419 1393 454 1444 ut
481 1381 506 1443 si
535 1383 601 1468 quis
629 1382 840 1443 uuaranioncm
869 1380 961 1465 regis·
977 1377 1127 1444 iuraverit.
1162 1380 1234 1444 hacc
1263 1381 1429 1466 conpositio

65 1523 91 1563 ιο
110 1499 155 1566 90
178 1497 339 1564 solidorum
362 1499 393 1562 in
414 1499 472 1562 trie
493 1497 557 1562 loca
581 1495 716 1562 habetur.
785 1493 837 1560 24.
865 1494 934 1560 Inde
959 1495 997 1560 ad
1019 1495 1131 1560 solidos
1156 1493 1244 1574 100,
1258 1509 1293 1560 ut
1315 1499 1340 1560 si
1364 1497 1429 1585 quis

108 1617 276 1680 Romanum
307 1617 448 1679 occiserit.
488 1614 559 1678 haec
588 1615 755 1700 conpositio
788 1608 851 1678 100
880 1611 1043 1678 solidorum
1072 1615 1102 1676 in
1131 1611 1174 1678 tt
1196 1613 1268 1680 loeis
1292 1612 1428 1680 habetur.

109 1731 164 1800 25.
187 1731 257 1798 lude
280 1732 317 1798 ad
340 1732 451 1798 solidos
476 1729 537 1798 187
562 1744 592 1796 et
614 1728 781 1807 dimidium,
809 1743 845 1795 ut
866 1731 892 1794 si
915 1732 981 1817 quis
1004 1731 1154 1796 mulierem
1177 1734 1277 1796 striam
1300 1731 1347 1796 vel
1368 1752 1428 1795 me·
1487 1726 1489 1730 ’

108 1853 243 1916 retricem
267 1849 464 1948 clamaverim
513 1847 564 1914 26.
591 1847 662 1914 Inde
685 1847 722 1912 ad
745 1845 857 1912 solidos
881 1845 960 1922 200,
984 1860 1019 1913 ut
1041 1851 1067 1913 si
1090 1850 1155 1936 quis
1178 1849 1325 1915 hominem
1347 1849 1428 1936 inge-

108 1991 202 2034 nuum
238 1969 381 2032 occiserit.
433 1967 506 2032 hacc
541 1967 706 2054 conpositio
741 1962 807 2030 200
840 1964 1002 2029 solidorum
1044 1967 1075 2028 in
1109 1965 1148 2030 17
1184 1966 1256 2048 locis
1291 1942 1448 2030 hebetum

65 2109 91 2149 ιι
110 2084 163 2151 27.
193 2083 263 2150 Inde
286 2083 324 2150 ad
346 2083 457 2151 solidos
481 2082 561 2160 300,
586 2095 620 2147 ut
642 2083 667 2146 si
691 2083 756 2170 quis
779 2081 862 2146 litum
886 2082 1065 2148 alienum‘iu
1088 2095 1152 2146 ostc
1176 2085 1319 2147 occiserit.
1355 2083 1428 2146 haec

110 2205 277 2292 conpositio
302 2199 366 2268 300
388 2183 550 2266 solidorum
573 2202 602 2264 in
627 2199 683 2263 dua
706 2199 770 2263 loca
793 2197 928 2288 habetur.
990 2198 1042 2264 28.
1065 2199 1134 2284 lude
1157 2199 1195 2264 ad
1216 2197 1327 2264 solidos
1351 2195 1426 2274 600,

110 2333 145 2386 ut
170 2322 195 2384 si
224 2323 289 2408 quis
317 2321 464 2384 hominem
493 2318 652 2406 ingenuum
681 2319 712 2381 in
741 2329 805 2394 oste
828 2318 970 2382 occiserit.
1007 2317 1078 2382 haec
1101 2318 1267 2404 conpositio
1292 2309 1356 2380 600
1378 2338 1427 2380 so-

112 2436 237 2502 lidorum
267 2440 297 2501 in
329 2435 370 2502 tt
398 2437 463 2504 loce
490 2433 626 2500 habetur.
695 2431 747 2498 29.
777 2431 846 2498 lude
869 2432 907 2498 ad
930 2433 1040 2499 solidos
1064 2431 1144 2511 700,
1169 2447 1203 2499 ut
1225 2436 1250 2499 si
1274 2436 1340 2522 quis
1362 2455 1427 2497 mu-

115 2554 209 2619 lierem
237 2553 392 2620 habentem
421 2557 451 2617 in
477 2565 562 2617 utero
585 2549 742 2639 parvulum
767 2552 911 2615 occiserit.
980 2548 1031 2615 30.
1052 2547 1131 2616 'lude
1155 2551 1193 2616 ad
1215 2551 1325 2616 solidos
1349 2549 1424 2626 900,

65 2689 94 2728 2⁰
113 2684 146 2736 ut
172 2673 196 2736 si
225 2673 290 2759 quis
317 2671 482 2736 Romanum
505 2671 552 2735 vel
580 2667 672 2734 lidum
700 2671 731 2732 iu
758 2681 852 2732 truste
881 2667 1026 2732 dominica
1056 2671 1199 2734 occiserit.
1276 2665 1326 2733 31.
1356 2663 1425 2732 lude

109 2787 148 2852 ed
176 2788 287 2853 solidos
319 2785 419 2865 1800,
449 2800 484 2852 ut
512 2789 536 2852 si
567 2789 632 2876 quis
660 2791 691 2850 in
718 2791 813 2850 truste
842 2783 987 2850 dominica
1010 2785 1157 2850 hominem
1181 2784 1321 2850 occiderit
1343 2787 1424 2850 etin

107 2918 232 2994 puteum
254 2908 415 2973 iactaverit.
461 2905 533 2971 hacc
558 2905 724 2992 conpositio
750 2900 835 2967 1800
859 2903 1022 2970 solidorum
1043 2906 1074 2968 in
1097 2903 1156 2970 dna
1178 2905 1243 2970 loca
1265 2903 1399 2970 hahetur.
1509 2954 1511 2958 .

635 3139 897 3154 ...βά-..ιι-

756 3383 776 3438 Ι.

197 3513 226 3568 st
250 3515 307 3585 quis
330 3512 439 3586 aliquem
462 3513 494 3568 ad
513 3513 644 3567 servitium
667 3511 821 3577 mallaverit,
844 3519 870 3566 ct
890 3510 933 3566 ille
951 3509 1073 3566 uuadium
1091 3509 1189 3566 dederit
1205 3518 1230 3566 et
1245 3509 1422 3568 fideiussorem

52 3633 83 3673 en
103 3614 236 3687 posuerit,
260 3621 304 3666 aut
324 3613 461 3668 anthmallo
480 3613 608 3686 legitimos
627 3614 653 3666 in
671 3614 751 3684 patria
770 3611 801 3666 de
821 3592 870 3683 qua
888 3620 928 3666 eat
944 3619 1023 3666 testes
1042 3630 1088 3666 sue
1106 3610 1229 3666 libertatis
1248 3611 1306 3666 darc
1326 3607 1421 3678 debeat,

101 3715 184 3768 faciat
205 3722 265 3766 tunc
290 3730 387 3777 comcs,
409 3714 436 3766 in
460 3715 531 3766 cuius
556 3713 707 3782 [praesentia
729 3709 840 3764 mellatio
865 3711 930 3766 facta
949 3720 1000 3776 est,
1024 3711 1087 3766 duas
1107 3711 1227 3784 epistolas
1244 3710 1307 3782 unc]
1326 3719 1421 3780 tenore,

101 3823 133 3868 et
151 3829 227 3867 unam
245 3812 335 3866 hebeat
352 3810 395 3865 ille
415 3813 458 3882 qui
476 3811 574 3876 mallet,
594 3810 696 3864 alteram
715 3809 822 3864 similem
841 3809 884 3865 illc
903 3813 947 3883 qui
964 3809 1090 3864 malletur.

195 3911 318 3965 Veniente
336 3913 421 3982 itaque
439 3909 484 3963 illo
505 3911 549 3980 qui
566 3909 683 3963 mallatus
703 3916 743 3964 est
760 3909 792 3964 ad
811 3913 977 3965 constitutum
996 3928 1052 3964 eum
1071 3911 1125 3966 suis
1144 3910 1378 3978 sacramentalibus,
1398 3915 1421 3966 si
1485 3939 1488 3947 ν

100 4015 162 4084 ipsc
181 4011 226 4081 qui
245 4027 301 4063 cum
319 4009 432 4063 mallavit
450 4007 572 4073 deluerit,
590 4008 665 4062 faeiat
683 4027 779 4076 comes,
798 4011 824 4064 iu
843 4012 915 4064 cuins
933 4011 1084 4081 presentiam
1102 4011 1157 4080 ipsc
1174 4009 1291 4064 mallatus
1310 4011 1419 4079 advenit,

46 4129 78 4170 ac
101 4108 242 4182 epistolam
265 4115 291 4161 et
313 4125 369 4161 eum
390 4108 500 4162 testibus
522 4106 554 4160 ad
571 4106 727 4162 mallatorem
747 4127 822 4163 suum
840 4109 941 4174 redeat,
964 4117 989 4162 et
1005 4111 1098 4162 iectum
1117 4109 1147 4162 de
1167 4107 1199 4162 15
1218 4109 1309 4164 solidis
1328 4112 1351 4164 ei
1368 4111 1419 4178 det,
1498 4116 1501 4121 '

101 4211 154 4282 qui
177 4208 208 4261 ed
229 4206 349 4278 placitum
373 4225 426 4260 uon
443 4209 513 4262 venit
535 4207 714 4270 constitutum,
738 4214 763 4259 et
783 4205 902 4277 placitam
926 4209 948 4260 ei
970 4216 1096 4279 proponat
1118 4206 1194 4262 aliud.
1231 4209 1265 4262 Et
1287 4211 1309 4262 si
1327 4211 1419 4266 iterum

101 4308 141 4364 ad
163 4305 283 4378 placitum
301 4306 466 4358 constitutum
484 4304 601 4360 mallator
619 4305 704 4358 venire
723 4303 862 4370 distulerit,
885 4307 976 4359 iterum
996 4306 1038 4360 det
1055 4308 1147 4360 iactum
1166 4307 1196 4362 dc
1215 4305 1249 4362 15
1267 4307 1369 4376 solidis,
1394 4317 1419 4364 et
1495 4315 1503 4338 ¹

100 4409 192 4462 mittat
215 4403 332 4458 mallatus
351 4405 455 4458 tertium
479 4405 644 4460 constitutum
667 4402 806 4484 mal-latori,
829 4413 859 4458 ut
876 4407 959 4458 veniat
981 4404 1013 4458 ad
1030 4413 1108 4460 testes
1127 4406 1304 4478 accipiendum.
1339 4409 1373 4461 Et
1395 4410 1417 4462 si

100 4508 198 4560 iterum
223 4501 340 4558 mallatcr
356 4503 442 4556 venire
464 4501 604 4568 distulerit,
628 4502 670 4556 dct
687 4501 789 4556 malleto
808 4504 900 4556 ieetuna
919 4503 965 4558 sol.
986 4502 1032 4568 15,
1056 4512 1080 4558 et
1098 4505 1173 4559 faciat
1189 4513 1249 4558 tunc
1268 4524 1351 4562 comes
1369 4525 1416 4561 no·

39 4623 77 4668 3⁵
100 4605 189 4660 titiam
208 4619 264 4656 cum
282 4601 452 4674 raginburgiie
471 4610 496 4654 ct
512 4602 629 4657 testibus.
654 4601 688 4654 lit
705 4603 740 4656 sic
759 4604 827 4672 ipse,
847 4605 891 4674 qui
908 4601 1025 4656 mallatus
1045 4603 1076 4658 ad
1094 4605 1225 4658 servitium
1244 4604 1307 4671 fuit,
1325 4605 1355 4659 ab
1368 4607 1416 4660 lanc

102 4703 150 4756 die
172 4700 236 4756 liber
258 4709 283 4756 ct
306 4702 431 4775 ingenuus
450 4699 538 4765 vadat,
561 4718 606 4755 nce
631 4701 665 4758 ait
682 4702 807 4756 causatori
825 4699 877 4756 arlia
895 4700 1001 4758 facultas
1020 4702 1127 4780 amplius
1145 4704 1290 4776 requirendi
1308 4722 1365 4768 eum
1383 4706 1416 4769 ad

101 4800 247 4860 servitium,
