3236 5242
754 961 778 1038 l.

195 1122 261 1188 Hoc
289 1134 360 1186 sunt
388 1124 440 1210 qni
465 1123 530 1210 lcgc
558 1122 648 1187 salica
673 1133 889 1187 tractaverunt:
917 1124 1080 1210 uuisugast.
1104 1119 1271 1208 uuidegast.
1294 1133 1421 1208 arogast
1503 1119 1505 1122 ’

109 1237 264 1329 bodcgast
288 1239 422 1327 salegast.
447 1239 656 1308 uuisouuaudo
679 1244 712 1306 in
732 1238 925 1307 bodaehacm.
950 1251 978 1304 et
1000 1241 1030 1303 in
1052 1236 1224 1304 salacbaeru.

747 1431 785 1506 ll.

81 1612 94 1650 a
196 1589 260 1656 Hcs
287 1559 358 1654 sunt
384 1589 505 1654 nomina
535 1611 637 1656 eorum
666 1593 718 1679 qui
747 1588 880 1656 lecerunt
901 1590 994 1678 legem
1017 1588 1122 1654 saliem
1144 1589 1260 1654 uisuast
1281 1585 1425 1654 salcanats

110 1708 212 1774 uicats.
249 1707 301 1796 qui
323 1727 394 1772 vcro
417 1720 587 1772 manserunt
609 1709 640 1772 in
662 1707 725 1796 lege
749 1697 846 1772 salica
859 1709 890 1771 in
912 1703 1019 1772 budice
1043 1703 1082 1770 do
1104 1705 1191 1770 micio
1214 1703 1349 1770 sristatio.

741 1895 793 1972 ΙΙΙ.

194 2053 233 2120 Hi
262 2067 359 2120 autem
387 2068 457 2121 sunt
485 2059 537 2145 qui
565 2057 658 2146 legem
686 2057 805 2122 salicam
833 2068 1047 2122 tractaverunt:
1083 2055 1254 2146 wisogast,
1284 2055 1423 2147 Arogast‚

108 2171 259 2264 Salegast‚
282 2170 467 2261 Windogast
489 2176 519 2239 in
542 2173 692 2252 Bodbam,
718 2172 854 2240 Salcbam
878 2188 907 2241 ct
929 2173 1080 2240 Widham.

72 2395 95 2440 u
418 2361 476 2437 lV.
517 2363 640 2466 Incipit
665 2364 837 2465 prologus
863 2363 951 2467 legis
980 2362 1118 2438 salicae.

195 2521 274 2593 Gens
297 2521 478 2590 Francorum
505 2525 607 2591 inclita
635 2537 756 2592 auctore
780 2525 844 2591 llco
873 2524 993 2591 condita
1018 2523 1104 2590 sortis
1130 2527 1161 2589 in
1188 2545 1268 2592 arma
1290 2524 1425 2592 firmain

113 2644 186 2728 pacis
209 2639 331 2708 foedare
351 2639 502 2728 profunda
523 2643 554 2706 in
578 2643 701 2708 consilio
726 2665 868 2732 corporea
883 2643 992 2710 nobilis
1008 2642 1175 2708 incolumna
1190 2643 1316 2708 sandoro
1330 2642 1425 2708 forma

110 2760 223 2848 egregia
246 2756 347 2824 audax
369 2757 459 2822 velox
483 2771 511 2824 et
535 2779 640 2846 aspera
662 2759 700 2824 ad
724 2761 870 2826 catholica
891 2759 949 2826 fide
972 2781 1067 2848 nuper
1090 2781 1232 2826 conversa
1252 2772 1281 2824 et
1297 2762 1425 2826 inmunis
1449 2805 1450 2812 κ

109 2875 143 2942 ab
167 2875 281 2942 bonose.
310 2873 380 2940 dum
403 2873 501 2940 adbuc
522 2888 673 2942 teneretur
695 2877 823 2942 barbara
845 2880 1006 2965 inspirante
1023 2875 1087 2942 Deo
1109 2879 1260 2965 inquirens
1283 2879 1425 2948 scienciae
1471 2951 1475 2964 ¹

68 3014 91 3056 ra
108 2993 234 3069 clavem,
266 2995 351 3058 iuxta
379 2977 496 3085 morum
523 3013 645 3056 suorum
675 2993 845 3080 qualitatem
876 2993 1042 3060 desiderans
1070 2995 1226 3070 iustitiam,
1257 2992 1426 3058 custodiens

103 3112 244 3196 pietatem
268 3107 455 3174 dictaverunt
476 3109 566 3174 salica
588 3109 653 3198 lege
675 3132 729 3196 pcr
751 3113 883 3197 proceris
906 3114 999 3198 ipsius
1022 3113 1117 3198 gentis
1141 3114 1191 3198 qui
1209 3123 1279 3176 tunc
1294 3123 1426 3198 tompore

105 3225 237 3292 eiusdem
265 3223 389 3292 aderant
416 3238 546 3292 rectores
574 3225 655 3290 electi
686 3225 723 3290 dc
750 3227 886 3314 pluribus
913 3229 984 3292 viris
1015 3239 1156 3315 quattuor
1183 3226 1228 3292 bis
1257 3225 1424 3292 nominibus

102 3345 287 3434 uuisogastis
303 3341 476 3432 bodogastis
492 3343 638 3432 saligastis
660 3357 689 3408 et
706 3342 891 3432 uuidogastis
906 3347 937 3408 in
952 3344 1018 3409 loca
1032 3346 1248 3408 nominancium
1263 3344 1425 3410 salcbamac

100 3463 310 3530 bodochamae
332 3459 558 3526 uuidocbamac.
581 3463 632 3547 qui
655 3482 709 3547 per
730 3473 790 3526 tres
811 3461 914 3526 mallos
930 3463 1138 3526 convenientes
1154 3483 1254 3526 omnes
1270 3482 1424 3542 cansarum

61 3601 84 3644 aa
102 3582 235 3667 origines
263 3579 387 3644 sollicite
417 3575 632 3642 discutiendum
662 3577 824 3644 tractandis
852 3576 889 3642 de
915 3577 1037 3666 siugulis
1059 3576 1209 3643 iudicibus
1232 3577 1426 3644 decreverunt

99 3697 163 3762 boc
195 3695 294 3762 modo.
348 3694 390 3760 Ar
419 3693 471 3758 ubi
498 3693 562 3758 Deo
593 3693 710 3758 laventc
738 3715 792 3758 rex
819 3694 1001 3758 Francorum
1031 3693 1221 3760 Chlodoveus
1249 3707 1365 3760 torrens
1397 3707 1426 3760 et

97 3812 229 3900 pulcher
263 3825 292 3878 et
324 3813 436 3899 primus
472 3813 584 3898 recepit
616 3810 789 3876 catholicam
817 3810 956 3897 baptismi
986 3823 1016 3876 et
1043 3809 1125 3898 quod
1154 3813 1251 3876 minus
1279 3814 1309 3876 in
1335 3825 1424 3900 pacto

97 3929 273 4000 habebatur
301 3927 409 3994 idoneo
439 3947 496 4014 perv
521 3928 708 4014 proconsolis
735 3930 813 4016 regis
837 3926 1024 3994 Chlodovohi
1046 3941 1075 3992 et
1097 3926 1261 3994 Hildeberti
1283 3941 1313 3994 ct
1336 3927 1426 3996 Chlo·

96 4050 176 4116 tarii:
195 4047 252 4116 luit
272 4044 401 4110 lucidius
425 4043 618 4110 emendatum.

53 4187 79 4232 aa
155 4162 157 4165 ’
194 4163 287 4230 Vivat
309 4165 361 4250 qui
383 4161 513 4228 Francos
538 4159 649 4249 diligit,
675 4158 828 4238 Christus,
853 4181 954 4226 corum
970 4182 1092 4250 regnum
1108 4161 1272 4239 custodiat,
1296 4175 1425 4230 rectores

93 4303 209 4349 corum
241 4281 338 4346 lamen
371 4301 443 4344 suae
471 4280 586 4368 graciae
615 4278 741 4365 repleat,
771 4281 933 4344 exercitum
961 4292 1114 4368 protegat,
1148 4278 1217 4344 fidei
1245 4282 1425 4346 munimwta

92 4399 234 4476 tribuat,
263 4418 364 4485 pacem
392 4393 503 4486 gaudia
531 4407 560 4462 et
588 4393 753 4462 felicitatem
781 4407 918 4484 tempora
945 4395 1161 4462 dominantium
1185 4395 1322 4462 dominon
1344 4398 1425 4472 Iesus

92 4515 244 4583 Christus
275 4517 385 4602 pietate
414 4512 565 4579 concedat.
617 4511 696 4576 Haec
728 4524 773 4576 cst
801 4514 877 4576 anim
907 4535 994 4602 gans,
1031 4535 1106 4602 quae
1135 4512 1221 4578 fortis
1251 4511 1321 4578 dum
1349 4527 1426 4578 essct

90 4647 124 4700 ct
158 4630 262 4697 valida
289 4631 490 4696 Romanorum
523 4632 624 4719 iugum
658 4629 844 4695 durissimum
880 4628 915 4694 do
948 4631 1010 4695 suis
1041 4629 1204 4696 cervicibus
1232 4644 1425 4696 excusserunt

89 4747 313 4848 pugnandum,
344 4760 432 4845 atquc
459 4760 529 4845 post
557 4749 734 4846 agnitionem
757 4747 897 4844 baptismi
919 4760 1088 4821 sanctorum
1110 4751 1263 4822 martirum
1287 4770 1422 4850 corpora,
