3236 5242
234 182 285 258 38
778 207 848 258 ccx
876 205 1005 276 steros.

232 355 352 426 convenit
374 369 475 445 singula
499 371 530 426 de
553 380 634 427 terras
657 373 719 426 istas
744 375 788 444 qui
812 375 834 426 si
857 373 1009 440 adveniunt,
1033 383 1063 428 ut
1084 374 1168 431 leodis
1192 377 1237 447 qui
1256 378 1322 448 patri
1340 384 1431 433 nostro
1450 376 1549 432 luerunt

233 469 458 525 consuaetudinem
477 489 527 541 qua
545 470 688 525 babuerunt
706 470 737 524 de
756 471 802 524 hae
820 489 848 526 rc
865 473 932 526 intra
949 490 977 527 se
997 472 1111 529 debeant
1284 543 1288 552 Ι

318 567 344 624 d.
369 567 492 640 Idemque
510 571 636 636 convenit,
655 577 685 622 ut
704 571 857 641 quicumque
875 588 983 626 uxorem
1002 573 1124 643 acceperit
1141 581 1167 628 ct
1184 571 1293 628 infantes
1312 575 1379 628 inter
1396 589 1424 630 se
1442 591 1496 628 non
1507 573 1548 628 ba-

231 669 345 733 bucrint,
362 668 403 722 vir
420 685 527 722 uxorem
546 684 618 722 suam
635 669 798 739 superstitem
816 676 935 724 mortuus
954 669 1043 735 luerit,
1061 677 1122 724 tunc
1140 669 1184 725 illa
1202 670 1294 724 mulier
1312 669 1447 726 dimediam
1467 671 1549 726 dotem

230 767 341 838 accipiat,
361 773 386 820 ιι
404 764 538 820 dimediam
556 767 635 836 partis
654 765 766 820 defuncti
781 769 871 822 marito
885 767 916 822 ad
930 785 957 822 sc
969 767 1126 840 recolligant.
1146 776 1171 824 ct
1184 771 1206 822 si
1218 767 1310 824 mulier
1323 769 1370 824 sub
1384 769 1429 824 tali
1442 769 1572 826 dictiones

193 845 197 854 ¹
229 871 331 918 mortua
348 863 434 930 fucrit,
452 863 535 918 media
553 865 659 918 maritus
678 864 755 919 simili
773 865 851 920 modo
870 865 903 920 ad
921 883 949 920 ιι
966 874 1070 921 ιιιιιιι
1088 874 1112 921 ιι
1123 867 1298 922 mediaetatem
1310 869 1459 940 parentibus
1470 870 1549 942 ipsius

230 961 335 1018 muliere
354 962 385 1016 ad
404 979 432 1016 ιι
449 948 611 1035 recolligant.

317 1058 342 1115 5.
371 1059 454 1127 Quare
473 1061 631 1116 cordatione
649 1060 745 1133 placuit
761 1070 838 1133 atque
857 1063 986 1129 convenit,
1004 1071 1034 1117 nt
1052 1065 1075 1118 ai
1093 1081 1184 1119 servus
1203 1063 1331 1120 bominem
1349 1066 1490 1138 ingenuum
1508 1081 1550 1119 oe-

230 1160 326 1226 ciderit,
344 1168 405 1214 tunc
423 1159 542 1218 dominus
562 1161 629 1215 servi
648 1178 705 1215 eum
723 1175 770 1214 sex
787 1162 939 1229 iuramento,
958 1162 1029 1236 quod
1046 1181 1110 1234 pura
1128 1164 1163 1218 sit
1181 1165 1335 1218 conscientie
1353 1181 1400 1218 sua
1416 1181 1464 1218 nec
1476 1181 1549 1217 suum
1614 1169 1615 1174 ’

229 1258 364 1314 consilium
387 1258 489 1318 luctum¹
504 1259 538 1313 sit
560 1276 607 1312 nec
626 1257 782 1313 voluntatem
807 1261 875 1326 eius,
898 1268 924 1316 et
948 1279 1051 1326 servum
1073 1263 1158 1332 ipsum
1183 1261 1226 1316 det
1244 1261 1276 1316 ad
1293 1261 1440 1328 vindictam.
1476 1262 1510 1316 Ilt
1529 1264 1549 1316 si
1563 1278 1583 1318 ιι

229 1374 332 1414 servum
350 1357 409 1411 dare
426 1375 478 1412 non
495 1359 620 1430 potuerit,
639 1358 665 1410 in
683 1359 740 1428 ipso
759 1359 901 1412 iuramento
919 1358 969 1412 fide
989 1358 1046 1412 data
1065 1358 1155 1425 donet,
1175 1359 1245 1432 quod
1263 1377 1309 1414 nce
1327 1360 1364 1414 ibi
1381 1362 1416 1414 sit
1435 1359 1479 1414 ubi
1493 1379 1549 1414 eum

229 1457 309 1510 sensit
331 1473 376 1510 nec
400 1459 448 1510 scit
469 1473 515 1526 nee
539 1474 596 1510 cum
615 1457 727 1528 atingere
745 1458 837 1528 possit.
864 1456 953 1530 dulgat
970 1475 1087 1524 servum,
1111 1458 1159 1510 boe
1178 1466 1217 1512 est
1236 1457 1385 1512 delirantis
1403 1459 1549 1530 parentibus

228 1572 312 1610 coram
329 1563 446 1626 parentes
466 1557 510 1626 qui
528 1555 646 1610 boecisus
666 1563 717 1621 est,
737 1555 811 1608 etde
830 1556 886 1626 ipso
907 1555 977 1626 quod
995 1555 1125 1610 voluerint
1142 1555 1247 1624 saciant,
1267 1564 1292 1610 ct
1309 1556 1352 1612 ille
1371 1559 1405 1611 sit
1420 1557 1548 1612 exolutus.

315 1651 340 1708 6.
372 1653 494 1708 Similiter
518 1655 649 1724 conyenit,
672 1662 702 1708 ιι
725 1655 879 1726 quicumque
897 1653 930 1707 ad
948 1653 1052 1708 mallum
1070 1653 1149 1710 scierit
1166 1663 1192 1708 et
1209 1657 1236 1708 in
1253 1657 1386 1710 veritatem
1403 1657 1549 1710 testimonia
1615 1645 1616 1648 ¹

227 1770 279 1806 non
299 1751 417 1806 habuerit
439 1751 508 1808 unde
531 1770 559 1806 se
573 1748 688 1806 'seducat
712 1759 737 1806 et
759 1769 863 1806 neeesse
887 1761 927 1807 cst
948 1761 978 1806 ut
998 1754 1097 1807 mitium
1115 1752 1191 1808 fidem
1209 1752 1302 1808 faciant
1320 1762 1346 1808 ιι
1363 1771 1415 1808 ιιι
1434 1753 1549 1808 habuerit
1561 1773 1581 1813 rs
1615 1731 1616 1800 l

227 1850 305 1906 simili
332 1850 410 1906 modo
434 1853 478 1922 qui
501 1869 547 1922 pro
573 1867 629 1906 cum
651 1849 727 1906 fidem
750 1849 837 1906 iaciat:
860 1852 963 1922 etipse
986 1851 1013 1906 in
1035 1859 1154 1906 senextus
1177 1870 1252 1906 manu
1280 1852 1396 1908 fistucam
1418 1860 1503 1908 teneat
1527 1861 1549 1906 ιι

227 1948 329 2006 dextera
345 1967 422 2004 manu
440 1948 545 2004 auferat.
584 1931 593 1954 '

313 2045 338 2104 7.
367 2047 446 2114 Quale
470 2049 588 2113 convenit
607 2047 698 2115 modo,
722 2056 752 2102 ut
769 2050 792 2102 si
811 2065 913 2104 servum
933 2066 990 2104 sors
1007 2049 1126 2104 nunciata
1143 2048 1222 2106 luerit
1240 2048 1272 2104 de
1290 2048 1400 2116 funum,
1424 2057 1485 2104 tunc
1504 2049 1548 2103 do·

225 2148 310 2214 minus
334 2148 402 2202 servi
424 2148 489 2202 inter
513 2147 598 2202 decem
622 2155 710 2208 noctes
733 2149 817 2237 mittrpt
835 2165 938 2204 servum
958 2147 987 2202 ad
1008 2156 1112 2204 sortem.
1150 2148 1179 2203 si
1196 2148 1233 2204 ibi
1250 2147 1324 2202 illum
1342 2150 1369 2202 in
1386 2148 1445 2204 illas
1465 2147 1548 2204 decem

225 2254 314 2302 noctes
337 2263 390 2300 non
410 2247 509 2300 miserit
530 2247 558 2300 in
580 2254 724 2318 praesente,
748 2254 809 2317 tunc
833 2248 859 2300 in
880 2245 1093 2301 reaccensum
1112 2249 1208 2312 mittat,
1232 2255 1258 2301 ιι
1276 2261 1334 2300 eum
1352 2247 1389 2302 ihi
1407 2265 1499 2302 servus
1519 2248 1576 2305 adse

226 2353 322 2400 sortem
340 2345 427 2400 venire
451 2343 538 2412 debet,
561 2352 587 2398 et
608 2344 646 2398 illi
671 2346 715 2418 qui
727 2343 835 2398 ¹furtum
857 2343 963 2416 pertulit
984 2346 1026 2426 ius
1048 2347 1083 2398 sit
1101 2363 1157 2400 cum
1177 2363 1222 2400 sex
1240 2345 1335 2400 videre.
1371 2346 1405 2400 Et
1424 2345 1447 2399 si
1465 2345 1498 2399 ad
1516 2345 1547 2400 tt

226 2445 308 2497 noctis
330 2460 383 2496 non
402 2445 499 2498 venerit
521 2461 568 2498 nee
593 2445 683 2498 sunnia
705 2443 903 2509 adnuntiaverit,
927 2451 989 2498 tunc
1007 2461 1098 2498 servus
1117 2443 1250 2516 culpabilis
1268 2443 1403 2499 iudicetur.
1431 2453 1457 2500 et
1475 2462 1547 2498 causa

226 2561 303 2616 super
321 2543 424 2597 domino
443 2545 523 2616 magis
542 2529 594 2597 ἷιιι
613 2542 731 2597 ascendat
748 2544 799 2598 nisi
818 2551 940 2615 quantum
960 2542 990 2596 de
1009 2560 1084 2598 servo
1103 2542 1144 2596 lex
1163 2551 1209 2608 ιιι,
1228 2550 1272 2596 ιιι
1284 2544 1333 2614 ipsi
1347 2559 1437 2597 servus
1451 2542 1546 2596 decidat

227 2651 271 2698 aut
289 2641 408 2697 dominus
426 2659 472 2713 pro
492 2659 566 2696 servo
586 2650 712 2714 conponat
729 2641 778 2695 boc
797 2649 837 2696 est
855 2641 954 2696 solidos
973 2641 1008 2697 12
1026 2649 1052 2696 ιι
1070 2641 1201 2713 capitalem
1219 2649 1245 2695 ιι
1263 2639 1406 2696 dilaturam.
1433 2641 1469 2694 Et
1487 2643 1509 2694 si
1521 2643 1544 2694 in

225 2739 261 2798 42
283 2743 365 2797 noctis
387 2741 489 2814 legibus
513 2723 609 2794 sunnia
626 2743 795 2807 nuntiaverit,
819 2742 845 2796 in
870 2742 1015 2814 octuaginta
1037 2749 1063 2796 ct
1086 2749 1197 2828 quattuor
1218 2742 1301 2794 noetis
1319 2749 1410 2812 postea
1427 2738 1543 2812 placitum
1556 2758 1577 2797 ιι

225 2841 378 2896 intendatur.
413 2839 448 2896 Et
473 2841 496 2894 si
519 2839 555 2894 ibi
579 2857 607 2893 se
629 2857 681 2896 non
705 2839 835 2906 eduxerit,
857 2841 924 2894 sicut
946 2857 1024 2912 supra
1048 2841 1169 2910 scriptum
1192 2847 1232 2892 est
1256 2837 1389 2911 culpabilis
1413 2838 1543 2892 iudicetur.

224 2940 288 2996 Nam
312 2939 344 2994 ad
367 2938 403 2994 tt
421 2946 508 2994 nostes
527 2939 619 2992 sunnia
637 2938 836 3004 adnuntiaverit,
859 2937 940 2993 lectus
960 2937 993 2993 15
1012 2937 1060 2992 sol.
1080 2946 1213 3010 conponat.
1249 2937 1284 2990 Et
1302 2938 1324 2992 si
1342 2938 1409 2992 inter
1426 2938 1495 3008 ipsas
1511 2935 1543 2990 tt

225 3048 313 3094 noctes
336 3055 382 3094 nee
405 3037 481 3092 fidem
502 3037 583 3092 iacere
601 3055 647 3092 nec
666 3053 808 3109 conponere
827 3036 951 3103 voluerit,
975 3013 1128 3110 tune'rogat
1145 3036 1189 3091 ille
1208 3037 1253 3108 qui
1272 3043 1425 3090 consecutus
1445 3043 1495 3101 cst,
1516 3043 1544 3088 ut

225 3138 256 3193 de
279 3138 361 3211 legem
384 3139 451 3192 inter
473 3134 508 3191 lO
530 3144 618 3190 noctes
641 3135 726 3190 solvat
749 3136 820 3208 quod
842 3145 915 3191 antea
940 3136 1105 3192 dictumest.
1141 3135 1176 3188 Et
1198 3136 1221 3188 si
1242 3134 1325 3188 adhuc
1342 3135 1409 3189 inter
1425 3135 1494 3206 ipsas
1512 3131 1542 3187 tl

224 3245 313 3292 noctes
331 3235 444 3292 noluerit
461 3235 571 3301 solvere,
588 3237 657 3308 cogit
675 3237 741 3289 inter
759 3243 855 3306 septem
873 3235 976 3291 noctis.¹
1002 3217 1045 3302 [llt
1063 3235 1086 3290 si
1103 3236 1170 3288 inter
1187 3235 1255 3306 ipsas
1274 3241 1371 3304 septem
1389 3231 1483 3301 noctis]
1500 3250 1543 3286 ιιι
1558 3250 1580 3290 ιι

224 3336 301 3392 iidem
318 3335 400 3390 facere
416 3352 464 3389 ιιι
483 3351 625 3408 conponere
642 3321 761 3400 voluerit,
779 3342 840 3388 tunc
858 3336 884 3388 in
901 3334 1019 3406 proximo
1037 3331 1114 3386 mallo
1134 3341 1191 3388 ante
1208 3331 1412 3406 raebymburgiis
1430 3331 1543 3387 sedentes

225 3444 251 3490 ιι
269 3435 381 3490 dicentes
401 3433 471 3504 quod
489 3435 538 3504 ipsi
556 3433 629 3488 illum
647 3439 704 3487 ante
723 3431 839 3498 audierit,
858 3433 894 3486 sic
912 3433 1033 3486 invitetur
1051 3432 1165 3504 graphio,
1185 3449 1240 3486 cum
1259 3431 1350 3486 fistueo
1370 3431 1454 3484 mittat
1472 3448 1544 3502 super

61 3543 63 3548 '
149 3597 150 3602 ἵ
226 3551 262 3602 ιι,
281 3533 313 3588 ad
330 3547 372 3588 res
391 3549 451 3586 suras
470 3530 581 3586 ambulet
599 3539 624 3585 ιι
641 3531 762 3604 praendat
780 3538 902 3604 quantum
919 3530 1109 3604 rachymburgii
1122 3539 1195 3586 autea
1210 3529 1309 3584 odierit.
1334 3537 1359 3584 ιι
1371 3529 1476 3602 graphio
1489 3547 1544 3582 eum

226 3640 323 3704 septem
340 3629 544 3705 racbymburgiis
563 3632 715 3685 antrutiouis
735 3630 809 3686 bonis
830 3629 989 3684 credentibus
1008 3639 1053 3684 aut
1071 3631 1129 3702 quis
1148 3631 1229 3684 sciant
1247 3629 1357 3684 accionis
1375 3646 1390 3682 a
1409 3627 1544 3684 esseillius

225 3730 355 3788 ambulent
373 3738 398 3786 et
414 3730 539 3802 praetium
556 3729 649 3784 iaciant
667 3738 692 3784 et
710 3728 781 3801 quod
798 3729 903 3802 graphio
923 3728 1014 3784 tollere
1033 3727 1114 3784 debet.
1142 3727 1217 3782 Etsi
1235 3728 1341 3802 graphio
1361 3735 1418 3782 ante
1430 3727 1542 3800 raebym·
1558 3741 1578 3783 st

225 3831 324 3904 burgiis
347 3828 465 3884 sedentes
488 3847 539 3882 ιιι
562 3828 640 3882 fuerit
664 3830 799 3895 invitatus,
823 3847 874 3884 nou
898 3828 933 3882 ibi
956 3835 1126 3900 praesummat
1149 3826 1285 3882 ambulare.
1321 3826 1356 3880 Et
1379 3828 1403 3882 si
1424 3827 1544 3880 invitatus

225 3928 304 3984 fuecit
322 3935 348 3982 ιι
363 3927 458 3982 ibidem
475 3927 588 3982 noluerit
606 3926 747 3993 ambulare,
767 3928 798 3981 de
816 3930 869 3982 vita
887 3929 921 3982 sit
939 3913 1079 4000 culpabilis.
1111 3925 1145 3980 Et
1163 3927 1185 3980 si
1203 3925 1308 4000 graphio
1328 3943 1406 4000 super
1423 3926 1545 3998 praetium

226 4035 271 4102 aut
289 4033 359 4082 extra
375 4025 458 4100 legem
477 4026 574 4097 aliquid
591 4025 682 4080 tollere
701 4027 910 4098 praesumpserit,
929 4028 1030 4081 noverit
1047 4043 1075 4080 se
1093 4027 1144 4080 vite
1163 4042 1223 4080 suae
1242 4027 1358 4098 periretis
1375 4024 1553 4098 ‘dispendium'

226 4125 304 4190 Etsi
323 4124 415 4178 dixerit
432 4123 469 4178 illi
488 4125 528 4178 eui
545 4142 587 4178 res
604 4124 745 4190 tolluntur,
770 4125 840 4198 quod
857 4123 922 4180 male
941 4143 998 4180 eum
1017 4125 1131 4180 destruat
1150 4132 1175 4178 et
1193 4122 1380 4198 eontralegem
1399 4133 1424 4178 ιι
1440 4123 1545 4188 iustitia,

227 4233 289 4280 ιιιι
312 4225 405 4278 ιιιιίιι
429 4222 533 4296 graphio
558 4241 615 4281 cum
638 4225 704 4278 inter
727 4226 809 4278 noctis
829 4224 995 4296 quadraginta
1013 4232 1038 4278 et
1057 4224 1121 4290 dno,
1147 4231 1172 4277 et
1189 4222 1234 4277 ille
1252 4232 1277 4277 ιι
1295 4241 1343 4278 ιιι
1363 4230 1579 4278 connecteremus

212 4323 274 4396 'qui
292 4339 350 4376 eum
368 4323 485 4376 invitavit
503 4321 619 4402 similiter
636 4331 743 4378 mancat.
770 4323 805 4378 Et
823 4325 846 4378 si
864 4341 916 4378 ιιι
934 4324 1064 4398 negaverit
1075 4321 1118 4376 illc
1131 4323 1175 4394 qui
1186 4323 1312 4390 invitavit,
1330 4320 1439 4377 adducat
1449 4328 1545 4392 septem

228 4421 431 4496 racbymburgiis
453 4419 640 4476 ferrebaunitus
664 4423 709 4494 qui
732 4430 803 4477 antea
827 4421 958 4478 audissent
980 4439 1080 4476 causam
1098 4420 1179 4488 illam,
1203 4421 1278 4476 nobis
1295 4421 1467 4494 praesentibus
1484 4421 1544 4474 crit.

230 4531 256 4576 et
272 4523 295 4576 si
313 4528 410 4592 septem
428 4521 514 4574 venire
531 4537 583 4574 non
601 4523 731 4592 potuerint
749 4529 774 4575 ιι
792 4538 836 4575 ιιι
857 4529 922 4575 certa
940 4522 1014 4576 sonia
1031 4519 1195 4594 detrigaverit
1213 4529 1237 4575 et
1254 4523 1304 4575 toti
1321 4522 1408 4576 venire
1421 4536 1543 4590 nonpos-

231 4621 290 4692 sint,
307 4625 369 4672 tunc
386 4619 488 4672 veniant
505 4627 557 4673 tres
577 4619 608 4672 dc
625 4621 697 4691 ipsis,
716 4622 760 4694 qui
777 4621 893 4693 praeside
911 4637 958 4676 sua
976 4619 1060 4674 dicant
1077 4629 1102 4675 et
1115 4638 1161 4692 pro
1177 4597 1246 4693 paris
1259 4639 1322 4674 suos
1335 4597 1543 4676 sunia'nuutiant.

230 4713 271 4788 Et
282 4718 305 4782 si
322 4716 524 4793 pachymburgiis
542 4735 588 4775 nec
607 4726 703 4794 septem
720 4737 766 4776 ιιι
784 4729 836 4776 tres
855 4719 914 4776 dare
928 4720 1041 4795 potuerit
1054 4737 1099 4777 ιιι
1113 4719 1163 4788 dat,
1182 4719 1287 4794 graphio
1301 4728 1327 4780 et
1338 4719 1382 4779 ille
1395 4721 1436 4798 qui
1449 4721 1544 4794 accepit
1558 4732 1582 4776 ιι

208 4953 219 4963 ,,
256 4989 303 5098 N.
