3210 5244
173 201 222 284 22
482 181 484 189 ’
552 191 555 200 ’
714 224 785 280 tux
813 223 942 280 seties.

170 401 307 466 iteratum
328 396 452 464 eolloeet
474 397 568 464 etsie
590 397 695 464 iterum
719 395 757 464 ad
780 395 851 476 alias
873 409 985 486 septem
1006 406 1108 462 nostes
1130 395 1271 486 placitum
1288 397 1386 480 iaciat,
1410 398 1487 470 idest

172 513 214 584 14
227 525 330 582 noctes
351 512 496 602 deprime
511 512 710 580 admonitione
726 513 927 602 compleantur.
965 512 1053 598 Quod
1068 516 1094 578 si
1108 513 1234 602 impletis
1251 511 1294 582 14
1308 529 1409 584 noetes
1425 539 1486 584 ser·

170 655 239 718 vum
261 631 389 700 noluerit
405 631 557 719 suppliciis
575 629 654 708 dare,
679 652 793 696 omnem
809 652 926 698 eeusern
941 630 988 696 vel
1003 632 1240 718 conpositionem
1256 630 1393 698 dominus
1409 636 1487 700 servi

171 751 254 816 inse
278 750 415 836 excipiat.
443 747 501 814 hoe
524 760 568 814 est
590 757 624 814 'ut
647 746 672 812 si
695 747 761 813 talis
785 769 874 814 eausa
897 759 973 826 erat,
997 746 1075 812 unde
1098 750 1243 837 ingenuus
1267 722 1495 820 duodenarios

172 869 223 956 qui
245 864 358 932 fatiunt
380 863 491 938 solidos
517 861 556 930 15
581 885 748 952 conponere
772 863 887 944 debeat,
911 866 975 953 ipse
997 885 1048 932 eos
1071 863 1207 930 dominus
1229 863 1344 932 reddat.
1367 870 1394 932 si
1414 889 1515 934 veros

138 1014 142 1023 ²
171 985 265 1050 maior
293 981 380 1070 eulpa
407 978 496 1048 luerit
525 979 603 1048 unde
632 985 778 1072 ingenuus
808 978 893 1048 1400
924 980 1054 1048 dinarios
1084 983 1135 1070 qui
1162 979 1276 1049 iaciunt
1301 981 1414 1048 solidos
1443 982 1486 1050 35

170 1112 289 1190 poterat
310 1096 443 1176 reddere,
465 1097 599 1164 similiter
622 1098 757 1166 dominus
779 1097 894 1166 reddat.
919 1099 945 1164 si
967 1119 1038 1164 vero
1062 1097 1158 1164 adhue
1179 1101 1275 1165 maior
1297 1100 1384 1189 eulpa
1398 1099 1489 1170 luerit

174 1219 226 1306 qui
247 1209 379 1282 similiter
400 1216 545 1303 ingenuus
571 1212 655 1283 1800
679 1214 808 1298 dinarios
832 1217 883 1305 qui
898 1214 1010 1282 laeiunt
1024 1213 1136 1281 solidos
1151 1211 1193 1282 45
1210 1221 1489 1309 conponerepossit

147 1334 149 1344 ’
172 1345 201 1400 et
224 1332 361 1398 dominus
383 1353 500 1398 servum
517 1353 576 1396 non
592 1318 832 1420 praesentaverit,
857 1331 894 1399 ad
910 1335 1006 1422 ipsum
1022 1354 1176 1399 numerum
1190 1345 1326 1400 teneatur
1339 1347 1375 1402 ut
1389 1337 1487 1428 ipsum

171 1449 276 1517 reddat
297 1462 327 1516 et
350 1449 482 1538 capitale.
507 1447 590 1538 quod
612 1451 636 1514 si
660 1447 757 1516 adhue
779 1453 874 1518 maior
888 1432 984 1540 ⁴eulpa
1005 1441 1099 1516 luerit.
1109 1447 1190 1539 quod
1206 1472 1292 1516 servo
1307 1455 1486 1541 requiratur,
1504 1473 1531 1514 te

172 1567 308 1636 dominus
336 1569 415 1634 servi
439 1587 500 1632 non
524 1542 610 1654 quale
633 1588 735 1634 servus
757 1567 878 1646 solvat,'
903 1567 956 1634 sed
979 1569 1064 1657 quasi
1085 1569 1231 1656 ingenuus
1254 1566 1372 1636 admisit
1393 1582 1487 1636 totam

171 1686 263 1776 legem
285 1705 376 1772 super
398 1691 429 1748 s'e
452 1683 630 1748 solviturum
652 1686 789 1773 excipiat.
857 1682 887 1750 5.
911 1683 1001 1770 Quod
1024 1686 1051 1750 si
1072 1706 1186 1752 servus·
1199 1683 1305 1754 absens
1327 1684 1418 1756 inerit
1439 1689 1487 1754 eui

172 1800 282 1890 aliquid
304 1803 467 1890 inputetur,
499 1799 634 1868 domiuus
657 1803 736 1867 servi
759 1799 797 1868 ad
818 1804 1050 1890 repetentiam
1073 1800 1170 1868 tribus
1192 1801 1318 1870 testibus
1341 1807 1488 1872 seereeiits

171 1917 327 1986 admonere
343 1915 431 1984 debet
444 1929 479 1982 ut
493 1939 610 1984 servum
625 1897 710 1984 suum
725 1916 801 1984 inira
816 1931 927 2008 septem
943 1932 1044 1986 noetes
1058 1931 1245 2008 praesentare
1258 1909 1372 1988 debeat.
1398 1921 1488 2007 Quod

61 2049 66 2060 '
172 2039 198 2104 si
225 2057 287 2102 uon
316 2033 434 2134 leserit,
463 2046 535 2100 tuno
556 2047 691 2123 repetens
714 2037 805 2102 solem
828 2038 856 2102 ei
878 2058 945 2102 eum
966 2035 1093 2102 testibus
1116 2037 1260 2104 oollocare
1284 2035 1372 2106 debet
1394 2051 1425 2104 et
1445 2041 1488 2106 sie
1503 2059 1531 2102 rs

174 2151 212 2220 ad
234 2151 304 2220 alies
326 2163 438 2240 septem
460 2137 562 2218 nostes
577 2152 717 2239 placitum
732 2152 829 2220 faeiat.
864 2152 993 2238 Quodsi
1008 2152 1047 2218 ad
1057 2133 1131 2220 ¹alias
1147 2167 1257 2243 septem
1272 2168 1374 2222 noctes
1389 2159 1488 2245 ipsum

73 2233 154 2365 ’1ῗέ
172 2291 289 2336 servum
310 2289 372 2334 non
393 2267 665 2356 praesentaverit‚*
686 2271 807 2336 tereiana
828 2273 922 2338 vieem
945 2269 1042 2338 adbuo
1057 2284 1168 2359 septem
1182 2285 1284 2340 nostes
1298 2272 1340 2338 illi
1355 2275 1488 2361 spacium

173 2385 243 2454 dare
259 2385 354 2464 debet,
377 2384 453 2452 idest
467 2398 501 2450 ut
515 2398 597 2452 totus
612 2407 750 2454 uumerus
765 2387 803 2454 ad
819 2386 859 2454 21
876 2399 979 2482 noctes
995 2390 1101 2454 veniat
1138 2387 1225 2472 Quod
1240 2391 1265 2454 si
1279 2402 1350 2477 post
1363 2391 1487 2456 tereiurn

171 2503 310 2592 placitum
333 2505 430 2590 ipsum
452 2523 571 2570 servum
592 2503 721 2570 noluerit
741 2504 864 2594 ligatum
885 2517 1072 2594 praesentare
1095 2517 1125 2570 et
1146 2504 1185 2570 ad
1204 2505 1356 2594 suppliciis
1372 2504 1443 2572 dare
1460 2520 1487 2586 et

171 2633 305 2708 repetens
327 2642 381 2708 per
403 2619 534 2708 singulos
555 2620 688 2708 plaioitos¹
700 2621 794 2688 solem
814 2621 1016 2698 collocaverit,
1040 2634 1111 2688 tuuc
1127 2620 1262 2692 domiuus
1278 2625 1357 2688 servi
1372 2598 1486 2690 omnem
1501 2649 1528 2688 se

170 2740 373 2825 repetitionem
395 2739 472 2804 sieut
493 2739 629 2826 superius
653 2737 781 2804 diximus
803 2761 864 2804 uon
880 2739 965 2827 quale
980 2761 1084 2806 servus
1099 2738 1152 2805 sed
1167 2741 1252 2828 quasi
1266 2742 1413 2828 ingenuus
1428 2740 1486 2806 boe

171 2853 287 2923 admisit
314 2855 401 2922 talem
427 2859 665 2945 conposieionem
687 2858 882 2944 requirentem
903 2857 1050 2922 restituat.
1118 2853 1148 2920 6.
1178 2853 1212 2922 Si
1235 2879 1305 2924 vero
1328 2857 1435 2940 aneilla
1457 2860 1487 2924 iu

113 2979 115 2988 ‘
171 2972 228 3039 tale
251 2974 369 3040 erimine
391 2975 540 3042 iuvenitur
562 2973 640 3040 unde
663 2995 766 3040 servus
790 2986 919 3040 eastrere
941 2971 1093 3051 debuerat,
1118 2984 1171 3038 aut
1192 2970 1257 3040 210
1280 2972 1412 3040 dinarios
1435 2979 1487 3063 qui
1603 3065 1604 3070 ἵ

170 3074 283 3158 feriunt
304 3090 415 3160 solidos
438 3089 459 3159 6
482 3095 508 3158 si
531 3093 701 3162 convenerit
721 3111 777 3180 pro
801 3091 866 3180 ipsa
888 3088 1024 3158 dommus
1047 3087 1154 3160 reddet
1175 3101 1227 3158 aut
1249 3088 1314 3161 240
1336 3093 1415 3160 ietus
1438 3114 1487 3158 ae·
1603 3073 1604 3078 ¹

79 3202 151 3274 Ἰ’12
171 3207 261 3296 eipiat
280 3207 497 3299 flagellorum*
831 3199 832 3208 ¹
1503 3225 1534 3268 ’ὅ

494 3398 578 3478 XLI.
619 3400 672 3478 De
697 3397 895 3478 homicidiis
921 3397 1162 3501 ingenuorum.

262 3557 291 3628 1.
320 3557 354 3628 Si
377 3565 444 3650 quis
466 3565 594 3651 ingenuo
617 3561 732 3630 Frento
744 3551 809 3630 'aut
828 3560 990 3630 barbarum
1012 3563 1064 3650 qui
1084 3561 1178 3649 legem
1200 3559 1317 3628 salisam
1338 3561 1414 3626 vivit
1436 3582 1487 3626 oe·
1602 3557 1603 3576 ¹

172 3677 276 3746 eiderit
297 3681 344 3745 eui
368 3676 457 3746 luerit
478 3678 674 3768 adprobatum
683 3675 701 3758 ¹,
731 3678 818 3748 8000
842 3679 971 3746 dinarios
995 3681 1046 3768 qui
1067 3677 1180 3744 leeiunt
1200 3676 1313 3744 solidos
1336 3676 1401 3745 200
1423 3678 1488 3744 eul-

170 3794 278 3883 pobilis
306 3795 467 3862 iudicetur:
508 3795 542 3862 Si
564 3820 636 3863 vero
664 3819 730 3862 eum
757 3799 789 3862 in
810 3809 932 3885 puteum
955 3808 1014 3862 aut.
1028 3795 1084 3862 sub
1108 3817 1185 3885 aque
1207 3796 1317 3867 miserit
1329 3788 1350 3873 ',
1376 3793 1488 3862 24000

93 3921 153 3980 227.
171 3912 302 3980 dinarios
329 3915 382 4002 qui
403 3889 649 3982 taeiunr'sotidos
673 3912 737 3982 000
761 3913 913 4003 culpabilis
935 3911 1090 3980 iudicetur.
1136 3913 1171 3980 Si
1192 3935 1264 3978 vero
1287 3934 1355 3978 eum
1374 3925 1425 3978 aut
1447 3911 1490 3980 de
1510 3939 1536 3980 se

136 4049 140 4056 ·
170 4031 259 4096 ramis
282 4043 334 4096 aut
355 4029 392 4097 de
415 4031 494 4098 callis
516 4043 569 4098 aut
590 4030 627 4098 de
649 4030 831 4120 quibuslibet
851 4031 940 4098 rebus
963 4030 1111 4096 celaturus
1134 4031 1255 4108 texerit,
1282 4029 1372 4097 malb.
1394 4043 1492 4098 natte

91 4152 152 4211 me.
170 4139 273 4214 leodi'
300 4159 370 4214 sunt
398 4147 506 4216 21000
535 4148 665 4217 dinarios
695 4152 746 4238 qui
771 4149 883 4216 faciunt
904 4145 1016 4214 solidos
1039 4144 1104 4213 600
1126 4145 1280 4236 culpabilis
1302 4146 1491 4214 iudicetur.*
1601 4197 1602 4250 q

94 4269 152 4330 118.
171 4263 202 4332 2.
234 4261 361 4332 sivero
393 4287 458 4334 eum
488 4267 539 4356 qui
568 4268 598 4332 in
625 4279 719 4334 truste
746 4259 891 4334 dominica
913 4278 958 4334 est
980 4277 1032 4332 aut
1053 4264 1201 4356 mulierem
1230 4261 1408 4356 [ingenuam]
1431 4288 1492 4334 oc-

171 4475 241 4533 XLI.
283 4473 302 4546 ¹)
329 4475 404 4532 malb.
428 4476 497 4533 leodi
523 4477 549 4532 2.
593 4477 669 4532 malb.
691 4476 748 4532 lede
774 4477 799 4533 6.
853 4478 878 4534 6.
908 4479 983 4538 malb.
1001 4478 1120 4534 matdalio
1141 4476 1166 4534 7.
1201 4477 1277 4536 melb.
1295 4477 1431 4534 matbdaleo
1452 4477 1489 4536 9.

171 4565 247 4621 malb.
264 4563 379 4620 leodardi
396 4563 422 4622 7.
440 4565 464 4622 9.
501 4567 576 4622 malb.
594 4568 653 4626 leod
669 4566 695 4626 8.
725 4567 800 4625 malb.
853 4569 928 4626 malb.
946 4569 1026 4626 uuatb
1044 4569 1114 4645 leudi
1132 4568 1173 4626 10.
1341 4581 1345 4588 ’

172 4656 244 4712 leudi
262 4654 304 4710 10.
892 4658 1017 4728 011112.
1043 4659 1153 4720 morehel
1173 4656 1198 4720 3·
1224 4667 1320 4718 montet
1338 4657 1364 4720 5.
1388 4660 1492 4722 mortis

206 4746 233 4818 ι’)
250 4744 326 4802 meib.
340 4753 416 4802 mette
433 4743 502 4802 leodi
519 4743 545 4804 2.
572 4745 646 4804 melb.
659 4746 801 4808 methleode
852 4747 921 4806 leodi
939 4747 964 4808 6.

1595 5081 1600 5209 l
