3236 5242
1600 31 1601 80 l

463 217 643 292 ,urrunnu
672 189 976 272 nrxvu-nxxxn
1117 214 1182 253 ‘=
1333 201 1383 276 30

1566 320 1601 368 *l

89 403 119 442 res
138 384 202 440 illins
227 402 302 457 quem
327 392 414 440 contra
435 383 518 460 legem
543 395 569 442 et
590 389 714 443 iustitIam
737 388 889 456 extenderit,
914 397 939 444 et
961 387 1005 444 ille
1024 387 1068 468 qui
1085 387 1150 444 male
1168 390 1286 474 invitavit
1303 389 1388 446 solvat

89 486 118 537 cui
133 501 169 538 rcs
187 483 297 538 inerunt
333 483 367 538 Iit
386 487 539 558 quicumque
556 488 684 559 ingenuus
704 487 734 542 de
753 489 850 543 actione
870 495 894 541 et
911 487 938 542 vi
956 489 1047 542 reiecto
1065 487 1207 544 mallaverit
1224 489 1255 544 de
1274 489 1388 562 qualibet

88 599 155 648 causa,
173 579 248 637 simili
266 583 344 638 modo
362 583 408 638 ubi
426 583 501 638 habet
518 584 574 658 lege
593 586 686 640 directa
704 588 740 640 sic
759 586 840 641 iacere
859 585 942 641 debet.
968 586 1042 640 Etsi
1060 585 1137 642 homo
1152 587 1235 642 malus
1247 589 1331 644 luerat
1343 566 1387 661 qni

87 681 138 736 nclc
158 681 215 736 iecit
236 690 261 738 et
279 684 301 738 ei
319 697 360 738 res
379 701 432 738 non
449 682 610 738 taberunco
628 703 675 739 sua
692 685 758 739 mala
776 669 840 739 facte
858 693 998 756 conponat,
1021 685 1121 758 legibus
1141 697 1292 742 consecutus
1310 705 1387 760 snper

66 779 145 834 sillum
165 779 348 846 nihilhominus
371 782 476 854 graphio
501 767 533 836 ad
554 782 636 856 legem
660 801 709 856 quc
734 793 805 839 autea
827 784 929 840 auditus
948 793 988 839 est
1005 786 1085 839 invita
1103 785 1223 858 elegitur,
1248 793 1273 841 ct
1290 786 1388 841 auferat

86 897 120 950 per
134 887 182 936 trcs
200 879 293 934 mallus
312 889 369 936 autc
386 881 601 955 rsrhymburgiis,
623 891 654 936 ut
672 901 700 937 ca
718 884 768 936 nisi
786 883 917 942 volueriut
932 891 1049 955 parentes
1068 893 1113 938 aut
1131 884 1162 939 de
1181 888 1235 940 suis
1252 885 1329 940 rebus
1347 903 1388 941 re·

87 957 235 1044 dimantant
253 997 281 1033 se
300 981 380 1034 sciant
398 981 420 1034 si
439 963 569 1035 noluerint
585 983 612 1034 iu
631 989 721 1052 quarto
740 979 818 1036 mallo
837 981 911 1036 nobis
930 983 1106 1053 praesentibus
1124 986 1239 1039 veniant:
1256 1003 1304 1062 nos
1319 983 1388 1039 ordi-

86 1094 167 1143 namus,
186 1077 340 1138 cuimalum
358 1077 418 1133 lecit
435 1078 549 1134 tradatur
567 1081 593 1133 in
612 1097 696 1146 manu,
716 1089 741 1134 et
758 1080 851 1134 iaciant
870 1081 959 1135 exinde
979 1082 1050 1152 quod
1067 1081 1203 1138 voluerint.
1230 1077 1294 1138 Nam
1311 1101 1387 1157 egens

86 1177 158 1247 etqui
173 1175 260 1230 mallat
277 1178 362 1248 ipsum
381 1175 413 1231 ad
431 1195 479 1232 nos
498 1176 630 1232 adducant.
654 1186 679 1232 et
697 1177 850 1236 adtautionis
864 1180 1003 1234 secundum
1015 1179 1096 1252 legem
1110 1189 1261 1237 consecutus
1274 1182 1390 1237 habuerit

61 1289 77 1329 ιι
86 1275 138 1327 iuter
155 1277 297 1347 octuaginta
316 1284 341 1330 et
359 1283 469 1347 quatuor
486 1285 575 1330 noctes
592 1279 648 1347 Ipsa
665 1278 789 1343 Invitatis,
809 1285 834 1330 et
850 1276 893 1331 lex
907 1276 982 1330 iaciat
997 1280 1063 1334 siout
1075 1282 1193 1352 superius
1207 1283 1328 1353 seriptum
1342 1289 1388 1354 est.
1481 1267 1482 1276 ¹
1568 1262 1570 1291 ¹

157 1370 183 1428 8.
209 1372 271 1427 lllas
293 1375 427 1428 etmarias
446 1376 491 1446 qui
508 1375 689 1428 nuntiabantur
707 1375 826 1430 eeclesias
844 1377 994 1430 nuntientur
1013 1380 1181 1434 consistentes
1199 1380 1244 1432 ubi
1262 1379 1388 1434 admallat

158 1470 182 1526 0.
210 1472 239 1527 si
263 1473 321 1544 quis
346 1489 447 1526 causam
470 1471 573 1528 mellanc
593 1473 679 1539 debet,
703 1475 782 1533 etsie
801 1483 858 1528 aute
876 1476 972 1529 vicinas
991 1493 1091 1530 causam
1111 1493 1183 1531 suam
1201 1485 1288 1532 notem
1306 1477 1389 1543 faciat,

88 1570 151 1624 etsie
168 1578 224 1624 ante
242 1569 446 1644 rachymburgiis
464 1571 613 1626 videredurn
632 1572 724 1638 donet,
743 1581 768 1626 ct
786 1574 808 1626 si
826 1574 876 1644 ipsi
894 1572 943 1627 hoc
962 1573 1078 1628 dubitant
1095 1583 1126 1629 ut
1143 1575 1260 1630 malletur
1280 1593 1389 1630 causam.

88 1685 132 1721 nam
152 1677 223 1724 antea
245 1668 348 1724 mallare
371 1687 423 1723 non
447 1680 624 1742 praesummat.
655 1679 680 1726 et
704 1672 726 1725 si
744 1679 801 1725 ante
819 1670 922 1726 mallare
939 1675 1149 1746 praesumpserit,
1173 1693 1276 1730 causam,
1291 1674 1388 1746 perdat.

57 1763 137 1821 ullam
153 1769 173 1820 si
191 1775 258 1822 certe
275 1767 355 1822 fuerit
370 1767 454 1822 malus
472 1768 549 1823 homo
570 1771 614 1841 qui
632 1769 697 1825 malc
714 1771 740 1824 in
758 1787 824 1843 pago
843 1769 919 1824 facist
937 1779 962 1825 et
978 1789 1031 1826 non
1048 1773 1139 1827 habeat
1152 1773 1197 1826 nbi
1210 1773 1332 1827 consistat
1343 1791 1389 1828 nec

87 1882 119 1918 res
133 1865 196 1921 unde
215 1876 342 1938 conponat
360 1876 385 1923 et
401 1885 448 1940 per
465 1867 543 1923 silvas
564 1867 633 1924 vadit
651 1877 676 1923 ct
692 1869 719 1922 in
737 1870 879 1939 praesentia
896 1887 942 1924 nec
960 1888 1037 1943 agens
1055 1889 1102 1926 nec
1119 1872 1332 1948 parentesipsum
1344 1867 1389 1926 ad-

88 1962 163 2019 ducere
178 1975 298 2036 possunt,
315 1974 376 2020 tunc
394 1985 471 2039 agens
489 1964 533 2020 illc
552 1975 576 2021 et
594 1968 634 2020 cui
652 1965 716 2021 mals
734 1966 794 2020 lecit
812 1968 945 2022 nobiscum
964 1969 1095 2036 adcusent,
1114 1979 1139 2025 et
1157 1972 1241 2042 ipsum
1259 1971 1389 2025 mittemus

87 2061 142 2118 locas
159 2073 247 2120 nostro
267 2081 396 2131 sermone,
420 2074 451 2119 ut
469 2067 622 2137 quicumque
641 2083 699 2120 eum
716 2067 842 2121 invenerit
861 2068 990 2138 quomodo
1010 2070 1047 2122 sie
1065 2076 1122 2123 ante
1139 2068 1231 2140 pavido
1250 2069 1388 2124 interlitiat.

159 2161 199 2218 10.
230 2163 267 2218 Dc
291 2165 375 2218 tronis
392 2181 454 2219 vero
479 2165 515 2217 sic
539 2166 658 2218 convenit
675 2145 830 2231 observare,
853 2174 883 2219 ut
905 2168 971 2220 sicut
988 2175 1061 2221 antea
1079 2168 1253 2224 cousuaetudo
1272 2168 1323 2224 tuit
1340 2168 1388 2224 sub

55 2275 74 2317 to
85 2261 226 2334 temporibus
244 2263 311 2336 patri
329 2261 370 2318 vel
389 2263 511 2334 genitoris
530 2263 626 2329 nostri,
645 2265 681 2316 sic
700 2273 822 2334 sequatur
841 2271 865 2318 et
883 2263 943 2320 mali
960 2265 1071 2321 hominis
1089 2269 1265 2340 reprimantur.

598 2443 861 2457 m

227 2621 384 2690 LXXVIII.
420 2621 453 2691 Si
477 2627 542 2714 quis
564 2647 694 2714 puerum
712 2629 791 2716 regis
814 2641 867 2693 ant
888 2627 1025 2694 libertum
1048 2627 1228 2695 occiderunt.

158 2755 187 2812 si
206 2758 264 2828 quis
287 2774 395 2828 puerum
416 2757 485 2830 regis
502 2765 547 2810 aut
564 2757 684 2830 libertum
702 2759 836 2826 occiderit,
860 2759 950 2814 solidis
970 2758 1022 2814 100
1041 2758 1172 2832 culpabilis
1190 2760 1325 2816 Iudicctur.
1344 2769 1388 2816 aut

87 2851 213 2910 Romanum
229 2856 369 2928 ingenuum
386 2853 429 2912 vel
445 2855 608 2910 tributarium
626 2865 669 2911 aut
687 2856 805 2925 militem,
825 2858 923 2914 solidos
942 2856 994 2914 100
1012 2858 1144 2930 culpabilis
1161 2859 1296 2916 iudicetur.
1414 2855 1417 2862 ’

89 3017 204 3088 LXXIX.
228 3019 344 3110 Siquis
359 3021 501 3088 stadalem
513 3023 643 3089 uaidaris
658 3046 776 3090 cervum
791 3037 843 3089 aut
857 3025 969 3090 hovum
986 3027 1080 3090 cervie
1096 3024 1234 3090 tributeri
1249 3026 1385 3092 asaIiecit.

58 3159 77 3198 ¹³
159 3154 188 3209 Si
206 3153 406 3225 quIssstadaIem
422 3153 534 3240 naidaris
553 3172 655 3211 cervum
673 3164 717 3212 aut
733 3155 829 3212 bouem
849 3159 915 3212 cervi
930 3156 1038 3215 atribute
1051 3156 1173 3225 salivecit,
1192 3155 1262 3214 1800
1275 3157 1387 3212 diuarios

87 3251 122 3319 qui
136 3251 229 3308 lacqut
246 3250 281 3306 15
299 3253 431 3325 culpabilis
449 3253 584 3308 iudicetur.
630 3317 633 3323 ¹
734 3307 736 3312 .

272 3417 395 3490 LXXII
428 3419 473 3484 De
495 3419 581 3486 Iustis
605 3419 641 3486 de
663 3421 868 3488 venationibus
890 3423 938 3487 vel
960 3423 1184 3510 piscationibus.

162 3545 184 3605 1.
208 3547 238 3606 si
257 3551 314 3622 quis
333 3551 446 3622 pedicam
463 3549 623 3625 imbolaverit
640 3559 685 3606 aut
701 3561 780 3608 retem
798 3563 843 3608 ant
860 3572 962 3630 nussam
980 3553 1011 3608 de
1029 3557 1088 3610 navi
1105 3555 1201 3624 tulerit,
1219 3553 1293 3610 malls.
1311 3554 1386 3610 theu·

86 3640 163 3702 lasinis
184 3657 245 3703 suut
259 3649 364 3704 'denarii
387 3648 457 3706 1200
481 3652 525 3722 qui
547 3629 643 3704 faciunt
667 3650 766 3706 solidos
788 3649 823 3706 30
841 3652 972 3724 culpabilis
993 3653 1128 3708 iudicetur.
1180 3653 1206 3708 2.
1230 3653 1386 3725 siquinus

52 3748 73 3789 ³⁰
86 3759 140 3798 vena
155 3745 276 3804 iuraverIt
293 3750 387 3820 piscem
405 3757 450 3803 eut
467 3749 498 3803 de
515 3758 603 3816 retem,
621 3747 673 3804 000
692 3749 808 3828 denarios
827 3753 872 3822 qui
888 3751 986 3806 faciunt
1003 3752 1102 3806 solidos
1120 3750 1153 3806 15
1171 3751 1303 3822 culpabiIIs
1318 3751 1387 3806 iudi-

87 3853 152 3900 cetur·
204 3847 230 3903 5.
254 3849 284 3904 si
308 3849 366 3919 quis
388 3846 501 3918 pedicam
525 3865 581 3901 cum
604 3846 714 3903 leuamen
738 3857 782 3902 aut
805 3852 940 3922 cogitatum
966 3851 997 3906 de
1016 3853 1127 3904 turritum
1144 3851 1269 3904 invenerit
1286 3858 1312 3906 et
1329 3867 1387 3906 eum
1506 3845 1509 3852 ¹
1579 3846 1583 3873 ¹

87 3941 168 4000 calcare
185 3945 297 4014 voluerit
320 3963 395 4018 quem
418 3961 491 3998 canes
514 3947 686 4013 minaverunt,
712 3947 743 4000 ad
764 3965 839 4019 quem
856 3950 1016 4003 venationem
1033 3951 1060 4002 in
1078 3948 1155 4020 bargo
1174 3947 1327 4027 involavcrit
1343 3958 1388 4004 aut

86 4038 111 4094 de
126 4047 279 4100 mansionem
297 4043 427 4110 iuraverit,
447 4041 515 4098 1200
534 4043 650 4098 denarios
664 4047 708 4116 qui
722 4045 818 4100 iaciunt
831 4044 929 4100 solidos
944 4045 978 4101 30
992 4047 1122 4118 culpabilis
1135 4047 1268 4102 iudicetur.
1312 4045 1338 4102 I.
1358 4046 1387 4102 Si

85 4141 134 4208 quis
150 4143 290 4214 porcellum
312 4142 446 4200 lactantem
470 4142 502 4198 de
522 4160 582 4198 rane
604 4142 747 4211 iuraverit,
762 4142 815 4200 100
838 4122 955 4220 denarios
980 4145 1024 4216 qui
1045 4143 1142 4200 faciunt
1159 4145 1258 4202 solidos
1272 4145 1315 4203 ,12
1333 4145 1387 4202 cul·

48 4241 71 4280 ³t
83 4237 167 4306 pabilis
181 4243 316 4298 IudIcetur.

263 4365 397 4477 LXXXI.
432 4407 477 4476 De
500 4431 534 4476 eo
559 4410 609 4497 qui
631 4409 753 4476 altorum
777 4407 816 4474 ad
839 4407 961 4476 calidam
983 4415 1202 4498 provocaverit.

163 4538 192 4598 Si
209 4543 268 4614 quis
286 4541 393 4598 alterum
411 4541 443 4596 ad
461 4540 565 4596 celldam
580 4542 755 4613 provocaverit
765 4550 864 4613 praeter
874 4543 1015 4600 evisIoncm
1028 4544 1186 4613 dominicam,
1203 4541 1256 4600 600
1268 4542 1384 4600 denarios

86 4631 125 4704 qni
139 4635 232 4696 iacIunt
249 4641 349 4698 solidos
368 4639 402 4697 15
420 4640 552 4712 culpabilis
569 4641 702 4697 iudicetur.
