3210 5244
541 211 670 268 rscrns
699 209 928 270 xnus-xuni.
979 163 984 176 ⁵
1334 196 1385 273 27

99 408 169 474 quen
189 385 357 472 agnoscitur
380 385 467 468 debat
490 381 663 474 agramire'.
687 399 716 452 et
738 389 763 452 si
786 391 858 482 citra
879 371 982 475 Ligure
1005 400 1056 460 aut
1073 381 1276 456 Carbonaria⁸
1298 388 1385 457 ambo

95 514 198 568 manent
218 504 268 590 qui
290 505 424 589 agnoscit
445 515 476 568 et
497 503 578 590 apud
600 525 686 590 quem
704 506 882 590 agnoscitur,
905 507 935 568 iu
952 516 1053 570 noctes
1068 502 1111 568 40
1125 505 1262 591 placitum
1272 505 1386 574 ,faciant

94 631 120 682 et
144 620 213 682 inter
239 620 305 704 ipso
333 618 443 704 placito
474 621 576 705 quanti
605 618 714 687 luerint
742 621 793 705 qni
821 617 964 686 caballum
992 621 1088 704 ipsum
1117 633 1169 684 aut
1189 593 1404 686 vendiderunt¹

94 745 140 798 aut
159 733 374 800 cambiaverunt
396 747 448 798 aut
469 732 595 800 sortasse
618 736 648 800 in
670 733 856 800 solitudinem
879 733 1023 800 dedorunt
1045 737 1142 800 omnia
1157 738 1232 802 iutra
1246 737 1384 824 placitum
1402 744 1462 802 326.

69 853 169 916 rislum
191 863 437 916 commoneantur.
468 851 525 914 hoo
548 862 593 914 est
614 853 817 938 unusquisque
841 873 906 914 cum
923 851 1161 941 negociatoribus
1177 853 1249 917 alter
1263 854 1384 918 alterum

92 965 242 1030 admoneat.
279 967 365 1031 Etsi
388 969 454 1056 quis
477 956 670 1041 commonitus
694 966 782 1042 luerit
804 979 833 1030 et
855 988 921 1030 eum
943 969 1045 1030 sunnis
1067 989 1127 1032 non
1149 972 1277 1033 tennerit
1297 983 1326 1058 et
1347 969 1385 1032 ad

90 1083 215 1169 placitum
244 1085 343 1149 venire
372 1083 531 1158 distulerit,
566 1095 637 1148 tunc
664 1083 711 1148 ille
741 1084 792 1169 qui
822 1104 888 1146 cum
915 1105 981 1146 eum
1009 1086 1176 1170 negociavit
1201 1089 1298 1150 mittat
1324 1098 1384 1148 tres

91 1211 168 1262 testes
195 1199 344 1286 quomodo
371 1201 396 1263 ei
420 1201 587 1264 nunciasset
607 1210 642 1262 ut
664 1198 702 1262 ad
724 1198 862 1285 placitum
886 1201 1012 1275 veniret,
1043 1212 1072 1262 et
1094 1199 1200 1264 alteros
1222 1213 1282 1264 tres
1305 1199 1386 1287 quod
1430 1263 1436 1271 ,

93 1314 194 1400 publica
217 1314 255 1381 ab
279 1337 313 1378 eo
337 1311 495 1398 [edonitcr]
519 1317 711 1402 negociasset.
734 1313 814 1378 istud
837 1317 861 1378 si
883 1313 998 1391 iecerit,
1023 1317 1105 1380 exuit
1121 1336 1152 1378 se
1168 1314 1204 1380 de
1218 1316 1382 1382 latrocinio.

61 1432 130 1497 ulle
158 1433 204 1518 qni
233 1453 294 1494 non
316 1434 429 1496 venerit
455 1453 545 1518 super
573 1421 659 1518 duem
686 1443 774 1496 testes
796 1433 969 1496 iuraverunt
990 1410 1114 1494 ilte'eric
1135 1431 1210 1494 latro
1234 1433 1310 1496 illins
1334 1435 1385 1520 qui

89 1551 210 1634 agnoscit
239 1561 268 1614 ct
295 1550 426 1634 precium
454 1547 558 1612 reddet
587 1547 628 1610 illi
657 1549 708 1633 qui
738 1569 804 1610 cum
832 1547 881 1610 illo
910 1550 1077 1633 negociavit
1104 1559 1133 1610 et
1155 1547 1201 1610 ille
1224 1543 1384 1613 secundum

88 1666 170 1752 legem
191 1677 341 1750 conponat
363 1665 403 1728 illi
427 1667 478 1751 qni
501 1685 546 1728 res
567 1639 639 1730 suas
663 1665 805 1750 agnoscit.
843 1663 901 1728 Ista
924 1666 1019 1728 omnia
1042 1666 1072 1726 in
1095 1664 1143 1728 illo
1168 1663 1253 1728 mallo
1277 1663 1386 1728 debent
1447 1702 1449 1712 .

88 1781 142 1844 lieri
168 1781 219 1846 ubi
249 1781 295 1844 ille
324 1793 368 1844 est
396 1774 673 1868 gamalius⁴·super
695 1801 780 1866 quem
804 1801 849 1842 res
872 1779 921 1842 illa
943 1781 1078 1865 primitus
1101 1776 1190 1844 luerit
1211 1781 1311 1865 agnita
1334 1792 1385 1842 aut

88 1899 225 1962 intencio
253 1919 338 1962 manu
357 1899 465 1962 ¹missa.
519 1894 607 1979 Quod
638 1897 663 1959 si
690 1908 772 1960 trans
799 1893 909 1982 Legere
935 1907 987 1960 aut
1016 1889 1243 1962 Carbonaria⁸*
1271 1891 1383 1977 [ambo]
1404 1900 1483 1958 ⁰135.

55 2037 74 2076 u
87 2027 193 2082 manent
215 2037 281 2080 cum
306 2014 414 2103 quibus
438 2015 618 2100 agnoscitur,
642 2015 673 2076 in
696 2011 738 2077 80
761 2025 862 2076 noctes
884 2011 933 2076 lex
955 2013 1011 2076 ista
1035 2010 1226 2078 custodiatur.

434 2199 582 2277 XLVllI.
622 2199 674 2276 De
701 2197 791 2274 falso
818 2199 1028 2274 testimonie.

167 2363 195 2430 l.
225 2363 260 2430 Si
288 2365 353 2451 quis
380 2362 486 2428 salsum
511 2363 710 2446 testimonium
733 2358 904 2446 praebuerit
917 2354 934 2436 ¹,
964 2357 1028 2426 600
1051 2359 1180 2426 dinarios
1203 2362 1254 2447 qui
1275 2358 1387 2424 iaciunt

88 2481 186 2551 solidos
212 2478 252 2548 15
277 2480 429 2567 culpabilis
452 2476 628 2546 iudicetur*
685 2477 715 2544 2.
728 2469 729 2472 ¹
740 2475 773 2541 Si
791 2479 964 2564 cuicumque
980 2477 1091 2565 aliquid
1106 2477 1193 2542 luerit
1207 2476 1386 2562 inculpatum
1403 2459 1482 2587 ἷὲἑ3

89 2599 157 2685 quod
179 2601 360 2686 periurasset
382 2609 411 2660 et
433 2599 459 2660 ei
482 2593 570 2660 suerit
592 2593 803 2682 adprobatum,
827 2595 971 2660 iuratores
993 2595 1098 2681 quinos
1119 2593 1229 2658 solidos
1250 2592 1386 2656 condem·

56 2727 193 2780 sonentur.
223 2715 271 2778 ille
293 2735 364 2778 vero
389 2715 436 2776 cui
459 2711 655 2799 adprobatum
678 2711 781 2788 fuerit,
806 2724 930 2797 excepto
955 2710 1076 2796 capitale
1100 2723 1128 2774 et
1151 2710 1275 2774 dilatura
1297 2722 1385 2797 atquc

89 2853 164 2898 causa
188 2844 273 2896 extra
295 2831 352 2894 hoc
376 2827 440 2896 600
464 2829 592 2894 dinarios
616 2831 667 2915 qui
690 2827 801 2892 iaciunt
823 2825 934 2892 solidos
960 2825 999 2892 15
1024 2826 1175 2914 culpabilis
1198 2826 1352 2892 iudicetur.

534 2989 653 3091 XLIX.
693 3015 746 3090 De
772 3015 931 3089 testibus.

162 3181 198 3248 Si
222 3183 288 3269 quis
311 3192 399 3244 testes
422 3199 538 3244 necesse
561 3175 699 3242 habuerit
723 3171 769 3265 [ut
791 3172 892 3256 donet]
917 3188 947 3240 ct
968 3174 1091 3240 sortasse
1113 3187 1202 3240 testes
1225 3176 1331 3240 nolunt
1348 3175 1386 3240 ad

84 3301 217 3386 placitum
240 3300 352 3373 venire,
382 3296 429 3360 ille
459 3297 510 3382 qui
540 3269 589 3358 eos
616 3293 796 3358 necessarios
818 3291 908 3356 habet
930 3290 1095 3358 satisfacere
1118 3305 1147 3356 et
1168 3296 1299 3358 mannire
1320 3292 1464 3364 illos137‚

50 3435 70 3474 n
84 3412 155 3498 [cum
180 3411 317 3496 testibus]
343 3411 445 3490 debet,
468 3424 503 3476 ut
524 3432 557 3476 ea
582 3431 656 3498 quae
672 3411 809 3474 noverint
824 3412 911 3475 iurati
930 3409 1036 3476 dicant.
1073 3407 1105 3475 Si
1124 3413 1222 3476 venire
1239 3411 1387 3476 noluerint
1403 3425 1463 3482 244,

114 3639 133 3707 ¹)
152 3636 197 3692 a'ta
216 3633 240 3690 l.
251 3634 277 3690 2.
304 3633 335 3688 ad
348 3633 475 3688 bominem
487 3635 523 3686 ire
536 3629 560 3686 3.
585 3630 707 3686 adramiae
759 3629 842 3684 ballns
868 3629 894 3684 l.
925 3631 1046 3686 anmatos
1074 3628 1099 3685 5.
1129 3629 1234 3684 arnallus
1261 3627 1285 3684 7.
1312 3627 1330 3683 8
1359 3635 1387 3684 ct

80 3725 102 3779 l.
120 3723 290 3781 adhramircb
306 3731 332 3779 et
344 3721 427 3778 codd.
441 3719 706 3794 lenis-reformatae·
760 3717 845 3776 codd.
864 3719 992 3793 Sanqull.
1012 3717 1071 3776 729.
1108 3718 1204 3774 Puris.
1219 3718 1295 3775 ctos.
1308 3717 1386 3774 4629.

82 3816 214 3870 achramirc
233 3812 258 3868 6.
286 3813 426 3867 adrhamire
445 3810 486 3865 10.
760 3810 891 3864 amallatus
909 3810 935 3865 9.
961 3810 1098 3864 rhamallus
1117 3808 1158 3864 10.

116 3900 707 3975 bkdmuwmmomfflmmamfflmm
798 3896 1387 3969 bkffloassfflmmrmmmmnmsse

82 4002 121 4048 aut
139 3994 311 4048 carbonariam
330 3991 354 4046 1.
381 3993 404 4044 si
422 3993 487 4044 intra
504 3990 587 4062 legere
599 3999 643 4044 aut
655 4007 707 4047 car·
760 4007 844 4063 gerem
867 3999 911 4044 aut
934 3989 1078 4044 carbonaria
1102 3985 1125 4042 l.
1154 3989 1221 4040 intra
1242 3985 1326 4060 legere
1343 3997 1388 4042 ant

81 4083 182 4138 bonaria
200 4082 225 4138 2.
254 4084 276 4136 si
294 4083 355 4134 citra
373 4099 440 4136 mare
459 4087 504 4134 aut
520 4079 663 4134 carbonaria
681 4076 706 4134 3.
761 4079 905 4132 carbonaria
922 4078 946 4132 2.
970 4087 1038 4132 mans
1056 4077 1137 4150 legem
1156 4085 1199 4132 aut
1217 4078 1386 4132 carbonariam

82 4177 114 4228 sic
132 4176 196 4227 citra
212 4171 291 4244 ligare
309 4180 353 4224 aut
371 4171 531 4224 carbonarius
544 4166 568 4222 4.
594 4170 616 4220 si
629 4167 708 4220 chitra
760 4165 785 4222 3.
809 4175 878 4220 trans
896 4167 979 4238 legere
998 4175 1041 4220 aut
1060 4167 1217 4221 carbonarias
1230 4166 1254 4220 l.
1268 4165 1293 4220 6.
1316 4177 1386 4222 trans

82 4270 132 4316 tera
148 4263 223 4334 ligeri
241 4269 286 4316 aut
303 4261 446 4316 carbonaria
464 4258 489 4312 5.
516 4259 552 4312 sic
569 4257 634 4310 inter
652 4255 707 4310 alli-
759 4254 833 4326 ligeri
845 4264 888 4310 aut
901 4253 1044 4310 carbonaria
1056 4254 1081 4310 5.
1107 4257 1387 4330 transligereantcar-

83 4369 138 4423 gare
158 4360 183 4405 ct
201 4350 363 4416 carbonarius
381 4345 406 4402 6.
434 4350 457 4402 si
474 4350 539 4401 intra
553 4345 651 4418 ligerim
664 4353 708 4398 ant
759 4345 863 4400 bonaria
875 4343 899 4397 7.
911 4343 937 4399 8.
950 4342 974 4398 9.
1001 4353 1071 4400 trans
1088 4345 1187 4420 ligerim
1206 4356 1250 4402 aut
1268 4347 1386 4402 carbona·

84 4441 251 4494 carbonariam
270 4437 312 4494 10.
336 4441 358 4492 si
375 4440 441 4492 intra
457 4437 541 4510 legere
557 4434 707 4508 siocligerc
759 4432 884 4490 riamlO.
912 4440 980 4487 trans
1004 4434 1108 4508 ligerem
1130 4436 1190 4492 cive
1212 4435 1322 4510 legcrcm
1343 4447 1387 4494 aut

84 4538 125 4584 ant
142 4529 287 4584 carbonaria
305 4523 389 4582 codd.
408 4523 479 4597 legis
495 4522 677 4593 reformatae.
761 4523 930 4578 carbonariam
949 4521 1034 4578 codd.
1052 4521 1122 4597 leqic
1139 4523 1323 4592 reformatae.

121 4619 141 4686 ⁴)
165 4618 208 4674 ico
227 4617 251 4672 1.
287 4617 421 4692 gamallum
439 4614 464 4669 2.
498 4615 622 4670 hamallus
640 4612 665 4670 3.
683 4612 707 4668 6.
1287 4620 1289 4628 “

87 4704 167 4768 codd.
186 4705 313 4786 Snnqall.
333 4703 392 4766 728.
420 4701 493 4763 civil·
511 4706 543 4764 Α.
562 4704 595 4776 0,
614 4702 638 4762 l.
669 4721 708 4764 ca·
760 4703 880 4766 xtvul.
913 4703 932 4782 ¹)
950 4705 1023 4768 malb.
1043 4704 1170 4764 solistanio
1188 4705 1214 4768 2.
