3236 5242
570 225 706 280 rnxrus
727 225 757 280 a.
774 217 950 284 226-253.

99 409 157 468 239.
698 397 750 478 26,
764 411 821 468 10·

187 519 217 571 et
238 507 399 595 pavissent.

98 643 158 700 240.
699 630 751 710 26,
765 645 823 705 24·

185 739 282 806 hunis.

73 894 84 932 e
98 877 157 935 241.
695 862 751 944 26,
764 876 822 935 27.-

185 985 237 1072 qui
260 983 323 1071 lege
346 981 435 1048 salica
459 983 540 1048 vivit.

96 1120 157 1178 242.
462 1165 465 1170 ,
556 1177 559 1187 ,
614 1103 666 1185 20,
679 1117 723 1176 28.
747 1105 902 1185 27,1-5.

184 1221 268 1274 mittat
292 1237 348 1274 eum
372 1222 398 1275 in
422 1221 495 1274 tertia
514 1237 594 1302 ‘manu
618 1228 643 1274 et
665 1218 709 1272 ille
733 1237 809 1290 super
834 1237 909 1290 quem
928 1219 1074 1292 agnoscitur
1092 1220 1117 1272 in
1136 1226 1222 1274 noctes
1241 1217 1276 1273 40
1295 1217 1414 1290 placitum

96 1317 171 1372 iaciat
194 1327 220 1373 et
242 1321 268 1371 in
292 1319 349 1390 ipsu
372 1317 464 1390 placitu
490 1319 577 1390 quanti
595 1316 691 1372 fuerint
709 1319 753 1389 qui
771 1335 824 1372 rem
842 1316 1003 1372 vendiderint
1022 1315 1061 1374 vel
1080 1317 1266 1374 cambiaverunt
1284 1325 1327 1371 aut
1344 1315 1426 1371 fura:

65 1424 189 1470 iuverunt
208 1415 329 1486 [homnis]
350 1425 565 1473 commoneantur.

96 1539 156 1596 243.
608 1527 660 1607 27,
674 1537 732 1597 18.4
752 1525 807 1604 44,
818 1537 909 1597 6-8.

186 1643 221 1709 Si
245 1644 350 1733 aliquis
374 1645 462 1710 alieni
484 1647 547 1710 iure
571 1647 751 1733 inputaverit
774 1644 855 1732 quud
878 1646 1057 1732 periurasset
1079 1657 1107 1709 at
1129 1665 1189 1709 nun
1211 1645 1342 1731 potuerit
1364 1642 1415 1708 ad·

99 1758 244 1847 probare,
270 1764 321 1849 qui
343 1763 491 1850 inputavit
514 1759 579 1827 600
602 1759 739 1827 denarius
763 1763 814 1849 qui
838 1759 949 1826 iaciunt
971 1759 1082 1826 solidus
1107 1759 1147 1826 15
1166 1759 1318 1848 culpabilis
1338 1759 1414 1823 iudi·
1495 1777 1499 1793 ’

99 1881 187 1934 uetur.
236 1873 264 1928 Si
283 1873 358 1928 alicui
377 1873 469 1928 inisset
486 1875 629 1946 imputatum
649 1873 718 1946 quud
737 1875 892 1945 periurasset
910 1883 935 1928 et
952 1874 1000 1928 huc
1020 1875 1063 1946 qui
1081 1875 1177 1945 inputat
1194 1875 1305 1946 potuerit
1322 1873 1414 1944 adpra-

63 1983 84 2024 1u
98 1971 167 2038 bere,
188 1973 232 2043 qui
251 1974 391 2044 periuravit
407 1971 461 2028 600
480 1973 597 2028 denarius
618 1975 662 2044 qui
680 1971 777 2028 iaciunt
795 1971 894 2028 solidus
913 1971 946 2028 15
965 1972 1096 2044 culpabilia
1115 1971 1247 2028 iudicetur.

97 2095 155 2152 244.
191 2105 192 2110 ’
703 2083 756 2162 27,
768 2097 811 2153 25.

183 2203 214 2250 ut
232 2213 262 2250 eu
282 2196 353 2268 qrrud
371 2197 491 2252 viderunt
507 2198 682 2254 testimouium
701 2198 844 2270 praebeant.

99 2318 154 2376 atu.
713 2309 766 2388 20,
776 2321 802 2378 3.

183 2437 213 2475 ea
232 2438 297 2492 quae
316 2420 434 2476 viderunt
452 2430 476 2478 et
494 2421 637 2477 audierunt.

74 2539 155 2598 nme
678 2516 839 2612 'tumea

184 2663 215 2716 et
236 2652 280 2718 sie
302 2671 397 2738 usque
420 2649 459 2716 ad
481 2662 541 2718 tres
564 2652 643 2718 vices
665 2673 720 2737 per
742 2663 802 2716 tres
826 2651 948 2716 menites
970 2645 1065 2716 iuuere
1088 2647 1184 2718 debet.

101 2785 155 2844 247.
694 2773 747 2854 29,
760 2787 822 2846 23.

187 2891 271 2981 quud
293 2914 414 2958 securus
437 2895 522 2958 mitto
546 2914 636 2979 super
656 2887 808 2958 ¹iurtunam
831 2913 915 2958 suem
937 2915 1034 2958 manu.

97 3029 154 3088 aaa.
663 3016 852 3096 29,15-1r.
875 3091 880 3100 ,

59 3159 82 3197 n
182 3148 219 3202 ut
245 3134 354 3201 ibidem
382 3156 443 3200 nun
472 3134 602 3201 ambulet
623 3157 719 3224 neque
741 3136 831 3202 alium
852 3137 1062 3216 transmiserit,
1090 3133 1126 3200 de
1149 3135 1210 3202 vita
1232 3155 1286 3200 sua
1308 3133 1412 3222 gravio
1431 3132 1491 3194 332.

94 3265 246 3341 conponat
268 3263 321 3318 aut
342 3273 373 3318 se
396 3251 528 3318 redamet
550 3265 692 3341 quantum
715 3254 802 3320 valet.

93 3389 155 3446 atu.
684 3375 836 3459 tite-u.

183 3489 213 3546 Si
236 3507 297 3546 veru
319 3492 401 3546 maier
425 3508 500 3546 cauea
523 3499 563 3546 est
586 3490 653 3546 unde
674 3479 708 3546 35
733 3492 832 3548 solidus
858 3491 943 3548 sulvat
965 3500 990 3547 et
1013 3493 1154 3548 convinerit
1176 3499 1206 3546 ut
1223 3507 1324 3546 manum
1342 3507 1414 3546 auam

92 3589 215 3656 redimat,
241 3589 339 3647 solidus
363 3588 380 3644 6
404 3589 490 3646 donet.
521 3589 615 3662 quudti
637 3590 746 3664 amplius
769 3589 878 3660 dederit,
901 3591 984 3648 fridus
1008 3591 1092 3649 sulvat
1110 3600 1231 3664 quantum
1250 3593 1272 3646 si
1291 3590 1321 3644 de
1340 3607 1414 3644 cause

53 3699 76 3739 tu
91 3687 136 3742 illa
157 3690 289 3744 convictus
308 3687 409 3744 fuisset.

90 3812 154 3870 250.
703 3799 755 3880 30,
789 3813 812 3870 1.

184 3915 292 4006 quodsi
314 3916 441 4005 amplius
464 3913 592 3996 dederit,
616 3915 717 3984 fredus
741 3811 785 3984 dd
799 3921 863 4007 ipsa
886 3919 949 4009 lege
972 3931 1131 4008 conponat.

85 4053 153 4112 251.
701 4041 754 4122 30,
768 4057 810 4114 34.
857 4115 859 4122 ,

185 4154 214 4210 Si
232 4155 291 4228 quie
310 4155 486 4229 eagibarunem
503 4163 548 4210 aut
565 4155 703 4230 gratianum
722 4158 850 4212 occiderit.

50 4291 72 4332 tt
85 4281 151 4338 252.
701 4265 753 4346 70,
768 4281 809 4336 11.

184 4377 276 4435 etalio
295 4379 471 4454 sagibarunem
489 4381 584 4453 putuit.

84 4505 150 4564 2⁵3.
674 4488 726 4572 tu,
739 4502 779 4561 13.
792 4503 834 4560 14.

182 4621 213 4678 et
241 4611 267 4676 si
296 4606 447 4686 detrusa
470 4619 536 4676 ante
558 4607 626 4676 illus
649 4607 759 4697 aliquid
782 4606 889 4674 fautum
913 4607 1015 4691 suerit,
1044 4612 1161 4699 penitus
1185 4610 1344 4700 gratiorem
1366 4631 1413 4678 re·
1431 4625 1491 4687 335,

85 4749 214 4798 movere
236 4749 297 4794 nun
320 4729 426 4816 possit.
