<?xml version="1.0" encoding="UTF-8"?>
<!DOCTYPE html PUBLIC "-//W3C//DTD XHTML 1.0 Transitional//EN"
    "http://www.w3.org/TR/xhtml1/DTD/xhtml1-transitional.dtd">
<html xmlns="http://www.w3.org/1999/xhtml" xml:lang="en" lang="en">
 <head>
  <title>
</title>
<meta http-equiv="Content-Type" content="text/html;charset=utf-8" />
  <meta name='ocr-system' content='tesseract 3.04.00' />
  <meta name='ocr-capabilities' content='ocr_page ocr_carea ocr_par ocr_line ocrx_word'/>
</head>
<body>
  <div class='ocr_page' id='page_1' title='image "./lexsalica01grimgoog_0174.png"; bbox 0 0 3236 5242; ppageno 0'>
   <div class='ocr_carea' id='block_1_1' title="bbox 525 188 1374 272">
    <p class='ocr_par' dir='ltr' id='par_1_1' title="bbox 525 188 1374 272">
     <span class='ocr_line' id='line_1_1' title="bbox 525 188 1374 272; baseline 0.011 -10"><span class='ocrx_word' id='word_1_1' title='bbox 525 203 909 272; x_wconf 53' lang='lat' dir='ltr'><strong>umnam-m.</strong></span> <span class='ocrx_word' id='word_1_2' title='bbox 1324 188 1374 261; x_wconf 87' lang='grc'><strong>67</strong></span> 
     </span>
    </p>
   </div>
   <div class='ocr_carea' id='block_1_2' title="bbox 74 377 1375 588">
    <p class='ocr_par' dir='ltr' id='par_1_2' title="bbox 74 377 1375 588">
     <span class='ocr_line' id='line_1_2' title="bbox 74 377 779 463; baseline 0.003 -11"><span class='ocrx_word' id='word_1_3' title='bbox 74 377 119 435; x_wconf 67' lang='grc'>0</span> <span class='ocrx_word' id='word_1_4' title='bbox 439 423 442 430; x_wconf 39' lang='lat'>1</span> <span class='ocrx_word' id='word_1_5' title='bbox 653 382 779 463; x_wconf 64' lang='lat' dir='ltr'><strong>ama</strong></span> 
     </span>
     <span class='ocr_line' id='line_1_3' title="bbox 145 493 1375 588; baseline -0.001 -22"><span class='ocrx_word' id='word_1_6' title='bbox 145 497 180 566; x_wconf 89' lang='lat' dir='ltr'><strong>Si</strong></span> <span class='ocrx_word' id='word_1_7' title='bbox 207 501 274 588; x_wconf 84' lang='lat' dir='ltr'><strong>quis</strong></span> <span class='ocrx_word' id='word_1_8' title='bbox 303 503 514 568; x_wconf 86' lang='lat' dir='ltr'><strong>uuaranionem</strong></span> <span class='ocrx_word' id='word_1_9' title='bbox 542 501 661 571; x_wconf 82' lang='lat' dir='ltr'><strong>homine</strong></span> <span class='ocrx_word' id='word_1_10' title='bbox 683 502 796 570; x_wconf 81' lang='lat' dir='ltr'><strong>Franco</strong></span> <span class='ocrx_word' id='word_1_11' title='bbox 820 499 977 578; x_wconf 82' lang='lat' dir='ltr'><strong>furaverit,</strong></span> <span class='ocrx_word' id='word_1_12' title='bbox 1006 496 1093 566; x_wconf 85' lang='lat' dir='ltr'><strong>malb.</strong></span> <span class='ocrx_word' id='word_1_13' title='bbox 1118 493 1284 568; x_wconf 85' lang='lat' dir='ltr'><strong>uuadrido¹</strong></span> <span class='ocrx_word' id='word_1_14' title='bbox 1306 511 1375 566; x_wconf 86' lang='lat' dir='ltr'><strong>sunt</strong></span> 
     </span>
    </p>
   </div>
   <div class='ocr_carea' id='block_1_3' title="bbox 50 614 1376 941">
    <p class='ocr_par' dir='ltr' id='par_1_3' title="bbox 50 614 1376 941">
     <span class='ocr_line' id='line_1_4' title="bbox 71 614 1376 706; baseline 0.002 -26"><span class='ocrx_word' id='word_1_15' title='bbox 71 615 170 680; x_wconf 88' lang='lat' dir='ltr'><strong>denarii</strong></span> <span class='ocrx_word' id='word_1_16' title='bbox 195 614 279 682; x_wconf 87' lang='grc'>1800</span> <span class='ocrx_word' id='word_1_17' title='bbox 302 619 353 705; x_wconf 90' lang='lat' dir='ltr'><strong>qui</strong></span> <span class='ocrx_word' id='word_1_18' title='bbox 376 617 487 684; x_wconf 82' lang='lat' dir='ltr'><strong>iaciunt</strong></span> <span class='ocrx_word' id='word_1_19' title='bbox 510 618 620 685; x_wconf 89' lang='lat' dir='ltr'><strong>solidos</strong></span> <span class='ocrx_word' id='word_1_20' title='bbox 644 617 686 684; x_wconf 78' lang='grc'><strong>45</strong></span> <span class='ocrx_word' id='word_1_21' title='bbox 711 617 865 706; x_wconf 82' lang='lat' dir='ltr'><strong>culpabilis</strong></span> <span class='ocrx_word' id='word_1_22' title='bbox 888 616 1034 684; x_wconf 84' lang='lat' dir='ltr'><strong>iudicetur</strong></span> <span class='ocrx_word' id='word_1_23' title='bbox 1058 629 1182 704; x_wconf 78' lang='lat' dir='ltr'><strong>excepto</strong></span> <span class='ocrx_word' id='word_1_24' title='bbox 1206 617 1330 704; x_wconf 85' lang='lat' dir='ltr'><strong>capitale</strong></span> <span class='ocrx_word' id='word_1_25' title='bbox 1346 629 1376 682; x_wconf 84' lang='lat' dir='ltr'><strong>et</strong></span> 
     </span>
     <span class='ocr_line' id='line_1_5' title="bbox 71 727 1374 824; baseline 0.003 -28"><span class='ocrx_word' id='word_1_26' title='bbox 71 732 193 798; x_wconf 81' lang='lat' dir='ltr'><strong>ditatura.</strong></span> <span class='ocrx_word' id='word_1_27' title='bbox 230 731 264 798; x_wconf 90' lang='lat' dir='ltr'><strong>Si</strong></span> <span class='ocrx_word' id='word_1_28' title='bbox 286 736 352 822; x_wconf 86' lang='lat' dir='ltr'><strong>quis</strong></span> <span class='ocrx_word' id='word_1_29' title='bbox 376 734 488 800; x_wconf 79' lang='lat' dir='ltr'>caballo</span> <span class='ocrx_word' id='word_1_30' title='bbox 511 735 605 824; x_wconf 89' lang='lat' dir='ltr'><strong>spado</strong></span> <span class='ocrx_word' id='word_1_31' title='bbox 630 736 787 814; x_wconf 83' lang='lat' dir='ltr'><strong>iuraverit,</strong></span> <span class='ocrx_word' id='word_1_32' title='bbox 811 733 899 802; x_wconf 86' lang='lat' dir='ltr'><strong>malb.</strong></span> <span class='ocrx_word' id='word_1_33' title='bbox 921 727 1092 802; x_wconf 80' lang='lat' dir='ltr'><strong>chanzisto⁸</strong></span> <span class='ocrx_word' id='word_1_34' title='bbox 1114 733 1226 800; x_wconf 90' lang='lat' dir='ltr'><strong>solidos</strong></span> <span class='ocrx_word' id='word_1_35' title='bbox 1249 731 1290 800; x_wconf 85' lang='lat'><strong>35</strong></span> <span class='ocrx_word' id='word_1_36' title='bbox 1313 734 1374 800; x_wconf 82' lang='lat' dir='ltr'><strong>rut-</strong></span> 
     </span>
     <span class='ocr_line' id='line_1_6' title="bbox 50 849 1373 941; baseline 0.006 -33"><span class='ocrx_word' id='word_1_37' title='bbox 50 849 163 937; x_wconf 78' lang='lat' dir='ltr'><strong>rpabilis</strong></span> <span class='ocrx_word' id='word_1_38' title='bbox 191 849 338 916; x_wconf 76' lang='lat' dir='ltr'><strong>iudicetur</strong></span> <span class='ocrx_word' id='word_1_39' title='bbox 363 863 490 940; x_wconf 83' lang='lat' dir='ltr'><strong>excepto</strong></span> <span class='ocrx_word' id='word_1_40' title='bbox 520 854 642 941; x_wconf 83' lang='lat' dir='ltr'><strong>capitale</strong></span> <span class='ocrx_word' id='word_1_41' title='bbox 672 865 701 920; x_wconf 82' lang='lat' dir='ltr'><strong>et</strong></span> <span class='ocrx_word' id='word_1_42' title='bbox 728 853 863 920; x_wconf 87' lang='lat' dir='ltr'><strong>dilatura.</strong></span> <span class='ocrx_word' id='word_1_43' title='bbox 910 851 943 918; x_wconf 89' lang='lat' dir='ltr'><strong>Si</strong></span> <span class='ocrx_word' id='word_1_44' title='bbox 966 871 1037 916; x_wconf 86' lang='lat' dir='ltr'><strong>vero</strong></span> <span class='ocrx_word' id='word_1_45' title='bbox 1061 854 1272 916; x_wconf 87' lang='lat' dir='ltr'><strong>nuaranionenr</strong></span> <span class='ocrx_word' id='word_1_46' title='bbox 1296 853 1373 940; x_wconf 83' lang='lat' dir='ltr'><strong>regis</strong></span> 
     </span>
    </p>
   </div>
   <div class='ocr_carea' id='block_1_4' title="bbox 70 963 1374 1149">
    <p class='ocr_par' dir='ltr' id='par_1_4' title="bbox 70 963 1374 1149">
     <span class='ocr_line' id='line_1_7' title="bbox 70 963 1374 1058; baseline 0.005 -28"><span class='ocrx_word' id='word_1_47' title='bbox 70 967 213 1045; x_wconf 80' lang='lat' dir='ltr'><strong>iuraverit,</strong></span> <span class='ocrx_word' id='word_1_48' title='bbox 244 967 331 1035; x_wconf 86' lang='lat' dir='ltr'><strong>malb.</strong></span> <span class='ocrx_word' id='word_1_49' title='bbox 356 963 473 1035; x_wconf 83' lang='lat' dir='ltr'><strong>selcho&#39;</strong></span> <span class='ocrx_word' id='word_1_50' title='bbox 501 967 612 1035; x_wconf 87' lang='lat' dir='ltr'><strong>solidos</strong></span> <span class='ocrx_word' id='word_1_51' title='bbox 636 967 679 1036; x_wconf 88' lang='grc'><strong>90</strong></span> <span class='ocrx_word' id='word_1_52' title='bbox 703 969 857 1058; x_wconf 77' lang='lat' dir='ltr'><strong>culpabilis</strong></span> <span class='ocrx_word' id='word_1_53' title='bbox 879 967 1027 1036; x_wconf 86' lang='lat' dir='ltr'><strong>iudicetur</strong></span> <span class='ocrx_word' id='word_1_54' title='bbox 1049 981 1174 1056; x_wconf 81' lang='lat' dir='ltr'><strong>excepto</strong></span> <span class='ocrx_word' id='word_1_55' title='bbox 1199 967 1322 1058; x_wconf 82' lang='lat' dir='ltr'><strong>capitale</strong></span> <span class='ocrx_word' id='word_1_56' title='bbox 1345 981 1374 1036; x_wconf 86' lang='lat' dir='ltr'><strong>et</strong></span> 
     </span>
     <span class='ocr_line' id='line_1_8' title="bbox 71 1081 193 1149; baseline 0.016 -2"><span class='ocrx_word' id='word_1_57' title='bbox 71 1081 193 1149; x_wconf 91' lang='lat' dir='ltr'><strong>dilatura.</strong></span> 
     </span>
    </p>
   </div>
   <div class='ocr_carea' id='block_1_5' title="bbox 46 1209 1374 1780">
    <p class='ocr_par' dir='ltr' id='par_1_5' title="bbox 46 1209 1374 1780">
     <span class='ocr_line' id='line_1_9' title="bbox 71 1209 840 1290; baseline -0.003 -12"><span class='ocrx_word' id='word_1_58' title='bbox 71 1220 117 1278; x_wconf 68' lang='lat' dir='ltr'><em>m</em></span> <span class='ocrx_word' id='word_1_59' title='bbox 661 1209 840 1290; x_wconf 56' lang='lat' dir='ltr'><strong>ma,</strong></span> 
     </span>
     <span class='ocr_line' id='line_1_10' title="bbox 144 1339 541 1434; baseline 0.01 -42"><span class='ocrx_word' id='word_1_60' title='bbox 144 1348 211 1434; x_wconf 79' lang='lat' dir='ltr'><strong>enm</strong></span> <span class='ocrx_word' id='word_1_61' title='bbox 234 1339 345 1417; x_wconf 77' lang='lat' dir='ltr'><strong>septem</strong></span> <span class='ocrx_word' id='word_1_62' title='bbox 368 1340 428 1396; x_wconf 89' lang='lat' dir='ltr'><strong>aut.</strong></span> <span class='ocrx_word' id='word_1_63' title='bbox 538 1373 541 1380; x_wconf 88' lang='lat'>·</span> 
     </span>
     <span class='ocr_line' id='line_1_11' title="bbox 46 1453 802 1535; baseline 0 -11"><span class='ocrx_word' id='word_1_64' title='bbox 46 1463 117 1524; x_wconf 68' lang='lat' dir='ltr'><strong>nm</strong></span> <span class='ocrx_word' id='word_1_65' title='bbox 631 1453 802 1535; x_wconf 43' lang='lat' dir='ltr'><strong>wem</strong></span> 
     </span>
     <span class='ocr_line' id='line_1_12' title="bbox 144 1568 1374 1664; baseline -0.002 -28"><span class='ocrx_word' id='word_1_66' title='bbox 144 1568 179 1636; x_wconf 89' lang='lat' dir='ltr'><strong>Si</strong></span> <span class='ocrx_word' id='word_1_67' title='bbox 201 1591 274 1636; x_wconf 85' lang='lat' dir='ltr'><strong>vero</strong></span> <span class='ocrx_word' id='word_1_68' title='bbox 297 1593 400 1661; x_wconf 78' lang='lat' dir='ltr'>greges</span> <span class='ocrx_word' id='word_1_69' title='bbox 423 1573 521 1638; x_wconf 89' lang='lat' dir='ltr'><strong>minor</strong></span> <span class='ocrx_word' id='word_1_70' title='bbox 542 1572 631 1640; x_wconf 81' lang='lat' dir='ltr'><strong>inerit</strong></span> <span class='ocrx_word' id='word_1_71' title='bbox 653 1596 748 1664; x_wconf 85' lang='lat' dir='ltr'><strong>nsque</strong></span> <span class='ocrx_word' id='word_1_72' title='bbox 771 1572 810 1640; x_wconf 87' lang='lat' dir='ltr'><strong>ad</strong></span> <span class='ocrx_word' id='word_1_73' title='bbox 832 1595 887 1641; x_wconf 85' lang='lat' dir='ltr'><strong>sex</strong></span> <span class='ocrx_word' id='word_1_74' title='bbox 909 1574 1022 1662; x_wconf 82' lang='lat' dir='ltr'><strong>capita,</strong></span> <span class='ocrx_word' id='word_1_75' title='bbox 1047 1585 1076 1638; x_wconf 85' lang='lat' dir='ltr'><strong>et</strong></span> <span class='ocrx_word' id='word_1_76' title='bbox 1098 1574 1211 1664; x_wconf 82' lang='lat' dir='ltr'><strong>pretius</strong></span> <span class='ocrx_word' id='word_1_77' title='bbox 1235 1582 1264 1638; x_wconf 87' lang='lat' dir='ltr'><strong>et</strong></span> <span class='ocrx_word' id='word_1_78' title='bbox 1285 1591 1374 1636; x_wconf 84' lang='lat' dir='ltr'><strong>causa</strong></span> 
     </span>
     <span class='ocr_line' id='line_1_13' title="bbox 69 1689 667 1780; baseline 0.003 -24"><span class='ocrx_word' id='word_1_79' title='bbox 69 1701 95 1756; x_wconf 87' lang='lat' dir='ltr'><strong>ut</strong></span> <span class='ocrx_word' id='word_1_80' title='bbox 113 1689 249 1780; x_wconf 83' lang='lat' dir='ltr'><strong>saperius</strong></span> <span class='ocrx_word' id='word_1_81' title='bbox 272 1701 317 1757; x_wconf 82' lang='lat' dir='ltr'><strong>est</strong></span> <span class='ocrx_word' id='word_1_82' title='bbox 339 1692 478 1758; x_wconf 80' lang='lat' dir='ltr'><strong>convenit</strong></span> <span class='ocrx_word' id='word_1_83' title='bbox 500 1689 667 1758; x_wconf 83' lang='lat' dir='ltr'><strong>observare.</strong></span> 
     </span>
    </p>
   </div>
   <div class='ocr_carea' id='block_1_6' title="bbox 70 1816 1453 2026">
    <p class='ocr_par' dir='ltr' id='par_1_6' title="bbox 70 1816 1453 2026">
     <span class='ocr_line' id='line_1_14' title="bbox 70 1816 811 1896; baseline -0.005 -6"><span class='ocrx_word' id='word_1_84' title='bbox 70 1825 117 1890; x_wconf 62' lang='lat' dir='ltr'><em>m</em></span> <span class='ocrx_word' id='word_1_85' title='bbox 622 1816 811 1896; x_wconf 52' lang='lat' dir='ltr'><strong>mna</strong></span> 
     </span>
     <span class='ocr_line' id='line_1_15' title="bbox 143 1899 1453 2026; baseline 0 -26"><span class='ocrx_word' id='word_1_86' title='bbox 143 1931 177 2000; x_wconf 92' lang='lat' dir='ltr'><strong>Si</strong></span> <span class='ocrx_word' id='word_1_87' title='bbox 201 1923 267 2024; x_wconf 80' lang='lat' dir='ltr'><strong>qnis</strong></span> <span class='ocrx_word' id='word_1_88' title='bbox 289 1899 450 2001; x_wconf 81' lang='lat' dir='ltr'><strong>iumenturn</strong></span> <span class='ocrx_word' id='word_1_89' title='bbox 472 1915 656 2026; x_wconf 83' lang='lat' dir='ltr'><strong>prignantem</strong></span> <span class='ocrx_word' id='word_1_90' title='bbox 680 1934 837 2012; x_wconf 86' lang='lat' dir='ltr'><strong>iuraverit,</strong></span> <span class='ocrx_word' id='word_1_91' title='bbox 862 1934 950 2004; x_wconf 81' lang='lat' dir='ltr'><strong>malb.</strong></span> <span class='ocrx_word' id='word_1_92' title='bbox 973 1907 1158 2002; x_wconf 50' lang='lat' dir='ltr'><strong>stalaehaia‘</strong></span> <span class='ocrx_word' id='word_1_93' title='bbox 1172 1943 1242 2000; x_wconf 88' lang='lat' dir='ltr'><strong>sunt</strong></span> <span class='ocrx_word' id='word_1_94' title='bbox 1264 1902 1375 1998; x_wconf 86' lang='lat' dir='ltr'><strong>denarii</strong></span> <span class='ocrx_word' id='word_1_95' title='bbox 1392 1941 1453 2000; x_wconf 82' lang='lat'>308.</span> 
     </span>
    </p>
   </div>
   <div class='ocr_carea' id='block_1_7' title="bbox 44 2050 907 2145">
    <p class='ocr_par' dir='ltr' id='par_1_7' title="bbox 44 2050 907 2145">
     <span class='ocr_line' id='line_1_16' title="bbox 44 2050 907 2145; baseline 0.005 -31"><span class='ocrx_word' id='word_1_96' title='bbox 44 2050 142 2118; x_wconf 76' lang='grc'>111800</span> <span class='ocrx_word' id='word_1_97' title='bbox 165 2054 217 2145; x_wconf 86' lang='lat' dir='ltr'><strong>qui</strong></span> <span class='ocrx_word' id='word_1_98' title='bbox 239 2050 352 2120; x_wconf 82' lang='lat' dir='ltr'><strong>faciunt</strong></span> <span class='ocrx_word' id='word_1_99' title='bbox 373 2053 486 2120; x_wconf 87' lang='lat' dir='ltr'><strong>solidos</strong></span> <span class='ocrx_word' id='word_1_100' title='bbox 508 2051 551 2120; x_wconf 81' lang='grc'><strong>45</strong></span> <span class='ocrx_word' id='word_1_101' title='bbox 575 2052 728 2144; x_wconf 78' lang='lat' dir='ltr'><strong>culpabilis</strong></span> <span class='ocrx_word' id='word_1_102' title='bbox 752 2051 907 2120; x_wconf 79' lang='lat' dir='ltr'><strong>iudicetur.</strong></span> 
     </span>
    </p>
   </div>
   <div class='ocr_carea' id='block_1_8' title="bbox 47 2177 1453 3099">
    <p class='ocr_par' dir='ltr' id='par_1_8' title="bbox 71 2177 776 2258">
     <span class='ocr_line' id='line_1_17' title="bbox 71 2177 776 2258; baseline -0.001 -9"><span class='ocrx_word' id='word_1_103' title='bbox 71 2189 116 2250; x_wconf 61' lang='lat' dir='ltr'><strong>m</strong></span> <span class='ocrx_word' id='word_1_104' title='bbox 651 2177 776 2258; x_wconf 45' lang='grc' dir='ltr'><strong>ἢῆ·</strong></span> 
     </span>
    </p>

    <p class='ocr_par' dir='ltr' id='par_1_9' title="bbox 77 2295 775 2500">
     <span class='ocr_line' id='line_1_18' title="bbox 142 2295 604 2367; baseline -0.006 -3"><span class='ocrx_word' id='word_1_105' title='bbox 142 2296 190 2366; x_wconf 81' lang='lat' dir='ltr'><strong>vel</strong></span> <span class='ocrx_word' id='word_1_106' title='bbox 213 2295 333 2367; x_wconf 86' lang='lat' dir='ltr'><strong>bimum.</strong></span> <span class='ocrx_word' id='word_1_107' title='bbox 602 2303 604 2313; x_wconf 88' lang='grc'><em>“</em></span> 
     </span>
     <span class='ocr_line' id='line_1_19' title="bbox 77 2420 775 2500; baseline 0.003 -10"><span class='ocrx_word' id='word_1_108' title='bbox 77 2433 118 2490; x_wconf 79' lang='lat' dir='ltr'><strong>na</strong></span> <span class='ocrx_word' id='word_1_109' title='bbox 651 2420 775 2500; x_wconf 57' lang='lat' dir='ltr'><strong>ww</strong></span> 
     </span>
    </p>

    <p class='ocr_par' dir='ltr' id='par_1_10' title="bbox 47 2531 1453 3099">
     <span class='ocr_line' id='line_1_20' title="bbox 142 2531 1453 2632; baseline -0.007 -24"><span class='ocrx_word' id='word_1_110' title='bbox 142 2541 177 2609; x_wconf 89' lang='lat' dir='ltr'><strong>Si</strong></span> <span class='ocrx_word' id='word_1_111' title='bbox 207 2544 273 2632; x_wconf 81' lang='lat' dir='ltr'><strong>quis</strong></span> <span class='ocrx_word' id='word_1_112' title='bbox 301 2543 459 2607; x_wconf 86' lang='lat' dir='ltr'><strong>iumentarn</strong></span> <span class='ocrx_word' id='word_1_113' title='bbox 491 2541 613 2606; x_wconf 86' lang='lat' dir='ltr'><strong>alienam</strong></span> <span class='ocrx_word' id='word_1_114' title='bbox 641 2539 822 2618; x_wconf 83' lang='lat' dir='ltr'><strong>trebatterit‚</strong></span> <span class='ocrx_word' id='word_1_115' title='bbox 851 2537 938 2606; x_wconf 86' lang='lat' dir='ltr'><strong>malb.</strong></span> <span class='ocrx_word' id='word_1_116' title='bbox 963 2531 1145 2605; x_wconf 81' lang='lat' dir='ltr'><strong>stalaehaia⁸</strong></span> <span class='ocrx_word' id='word_1_117' title='bbox 1171 2548 1242 2602; x_wconf 88' lang='lat' dir='ltr'><strong>sunt</strong></span> <span class='ocrx_word' id='word_1_118' title='bbox 1264 2533 1376 2600; x_wconf 86' lang='lat' dir='ltr'><strong>denarii</strong></span> <span class='ocrx_word' id='word_1_119' title='bbox 1394 2547 1453 2608; x_wconf 79' lang='lat'><strong>222.</strong></span> 
     </span>
     <span class='ocr_line' id='line_1_21' title="bbox 47 2653 1377 2752; baseline -0.001 -34"><span class='ocrx_word' id='word_1_120' title='bbox 47 2653 141 2725; x_wconf 84' lang='grc'>111200</span> <span class='ocrx_word' id='word_1_121' title='bbox 171 2661 224 2752; x_wconf 87' lang='lat' dir='ltr'><strong>qni</strong></span> <span class='ocrx_word' id='word_1_122' title='bbox 252 2655 365 2726; x_wconf 76' lang='lat' dir='ltr'><strong>iaciunt</strong></span> <span class='ocrx_word' id='word_1_123' title='bbox 393 2657 505 2724; x_wconf 84' lang='lat' dir='ltr'><strong>solidos</strong></span> <span class='ocrx_word' id='word_1_124' title='bbox 535 2655 577 2722; x_wconf 89' lang='grc'><strong>30</strong></span> <span class='ocrx_word' id='word_1_125' title='bbox 608 2657 761 2746; x_wconf 80' lang='lat' dir='ltr'><strong>culpabilis</strong></span> <span class='ocrx_word' id='word_1_126' title='bbox 789 2656 945 2722; x_wconf 88' lang='lat' dir='ltr'><strong>indicetur.</strong></span> <span class='ocrx_word' id='word_1_127' title='bbox 992 2654 1026 2721; x_wconf 90' lang='lat' dir='ltr'><strong>Si</strong></span> <span class='ocrx_word' id='word_1_128' title='bbox 1056 2658 1122 2743; x_wconf 90' lang='lat' dir='ltr'><strong>quis</strong></span> <span class='ocrx_word' id='word_1_129' title='bbox 1151 2653 1295 2719; x_wconf 78' lang='lat' dir='ltr'><strong>caballum</strong></span> <span class='ocrx_word' id='word_1_130' title='bbox 1325 2665 1377 2718; x_wconf 88' lang='lat' dir='ltr'><strong>aut</strong></span> 
     </span>
     <span class='ocr_line' id='line_1_22' title="bbox 74 2767 1374 2862; baseline -0.002 -25"><span class='ocrx_word' id='word_1_131' title='bbox 74 2776 216 2842; x_wconf 85' lang='lat' dir='ltr'><strong>iumentum</strong></span> <span class='ocrx_word' id='word_1_132' title='bbox 244 2773 401 2854; x_wconf 80' lang='lat' dir='ltr'><strong>iuraverit,</strong></span> <span class='ocrx_word' id='word_1_133' title='bbox 431 2775 519 2844; x_wconf 87' lang='lat' dir='ltr'><strong>malb.</strong></span> <span class='ocrx_word' id='word_1_134' title='bbox 544 2769 661 2841; x_wconf 84' lang='lat' dir='ltr'><strong>azist0⁸</strong></span> <span class='ocrx_word' id='word_1_135' title='bbox 691 2771 775 2842; x_wconf 81' lang='grc'>1400</span> <span class='ocrx_word' id='word_1_136' title='bbox 805 2773 941 2840; x_wconf 88' lang='lat' dir='ltr'><strong>denarios</strong></span> <span class='ocrx_word' id='word_1_137' title='bbox 972 2775 1023 2862; x_wconf 90' lang='lat' dir='ltr'><strong>qui</strong></span> <span class='ocrx_word' id='word_1_138' title='bbox 1051 2771 1162 2838; x_wconf 80' lang='lat' dir='ltr'><strong>faciunt</strong></span> <span class='ocrx_word' id='word_1_139' title='bbox 1190 2770 1302 2837; x_wconf 87' lang='lat' dir='ltr'><strong>solidos</strong></span> <span class='ocrx_word' id='word_1_140' title='bbox 1333 2767 1374 2835; x_wconf 88' lang='grc'><strong>35</strong></span> 
     </span>
     <span class='ocr_line' id='line_1_23' title="bbox 73 2879 1377 2982; baseline -0.002 -28"><span class='ocrx_word' id='word_1_141' title='bbox 73 2879 210 2982; x_wconf 61' lang='lat' dir='ltr'><strong>culpabilis</strong></span> <span class='ocrx_word' id='word_1_142' title='bbox 233 2893 379 2962; x_wconf 86' lang='lat' dir='ltr'><strong>iudicetur</strong></span> <span class='ocrx_word' id='word_1_143' title='bbox 402 2906 526 2982; x_wconf 81' lang='lat' dir='ltr'><strong>excepto</strong></span> <span class='ocrx_word' id='word_1_144' title='bbox 551 2893 683 2982; x_wconf 85' lang='lat' dir='ltr'><strong>capitale.</strong></span> <span class='ocrx_word' id='word_1_145' title='bbox 719 2891 753 2958; x_wconf 90' lang='lat' dir='ltr'><strong>Si</strong></span> <span class='ocrx_word' id='word_1_146' title='bbox 777 2895 842 2982; x_wconf 90' lang='lat' dir='ltr'><strong>quis</strong></span> <span class='ocrx_word' id='word_1_147' title='bbox 866 2893 1033 2958; x_wconf 88' lang='lat' dir='ltr'><strong>amisarinm</strong></span> <span class='ocrx_word' id='word_1_148' title='bbox 1056 2889 1182 2956; x_wconf 85' lang='lat' dir='ltr'><strong>alienum</strong></span> <span class='ocrx_word' id='word_1_149' title='bbox 1206 2899 1291 2953; x_wconf 85' lang='lat' dir='ltr'><strong>extra</strong></span> <span class='ocrx_word' id='word_1_150' title='bbox 1306 2909 1377 2952; x_wconf 86' lang='lat' dir='ltr'><strong>eon-</strong></span> 
     </span>
     <span class='ocr_line' id='line_1_24' title="bbox 70 2997 1377 3099; baseline -0.002 -28"><span class='ocrx_word' id='word_1_151' title='bbox 70 3009 152 3076; x_wconf 77' lang='lat' dir='ltr'>silium</span> <span class='ocrx_word' id='word_1_152' title='bbox 176 2997 287 3078; x_wconf 90' lang='lat' dir='ltr'><strong>domini</strong></span> <span class='ocrx_word' id='word_1_153' title='bbox 310 3013 356 3077; x_wconf 90' lang='lat' dir='ltr'><strong>sui</strong></span> <span class='ocrx_word' id='word_1_154' title='bbox 379 3009 556 3099; x_wconf 84' lang='lat' dir='ltr'><strong>spadaverit,</strong></span> <span class='ocrx_word' id='word_1_155' title='bbox 580 3008 668 3076; x_wconf 89' lang='lat' dir='ltr'><strong>malb.</strong></span> <span class='ocrx_word' id='word_1_156' title='bbox 687 3001 866 3076; x_wconf 81' lang='lat' dir='ltr'><strong>andeahina&#39;</strong></span> <span class='ocrx_word' id='word_1_157' title='bbox 890 3021 960 3074; x_wconf 89' lang='lat' dir='ltr'><strong>sunt</strong></span> <span class='ocrx_word' id='word_1_158' title='bbox 982 3007 1093 3074; x_wconf 88' lang='lat' dir='ltr'><strong>denarii</strong></span> <span class='ocrx_word' id='word_1_159' title='bbox 1116 3004 1181 3072; x_wconf 91' lang='grc'><strong>600</strong></span> <span class='ocrx_word' id='word_1_160' title='bbox 1198 3007 1249 3096; x_wconf 91' lang='lat' dir='ltr'><strong>qni</strong></span> <span class='ocrx_word' id='word_1_161' title='bbox 1265 3003 1377 3070; x_wconf 82' lang='lat' dir='ltr'><strong>iaciunt</strong></span> 
     </span>
    </p>
   </div>
   <div class='ocr_carea' id='block_1_9' title="bbox 68 3126 1601 3216">
    <p class='ocr_par' dir='ltr' id='par_1_11' title="bbox 68 3126 1601 3216">
     <span class='ocr_line' id='line_1_25' title="bbox 68 3126 1601 3216; baseline 0.001 -27"><span class='ocrx_word' id='word_1_162' title='bbox 68 3127 169 3194; x_wconf 87' lang='lat' dir='ltr'><strong>solidos</strong></span> <span class='ocrx_word' id='word_1_163' title='bbox 200 3126 240 3196; x_wconf 88' lang='grc'><strong>15</strong></span> <span class='ocrx_word' id='word_1_164' title='bbox 271 3127 426 3216; x_wconf 78' lang='lat' dir='ltr'><strong>culpabilis</strong></span> <span class='ocrx_word' id='word_1_165' title='bbox 455 3127 610 3194; x_wconf 78' lang='lat' dir='ltr'><strong>iudicetur.</strong></span> <span class='ocrx_word' id='word_1_166' title='bbox 646 3139 676 3193; x_wconf 88' lang='lat' dir='ltr'><strong>et</strong></span> <span class='ocrx_word' id='word_1_167' title='bbox 703 3150 758 3216; x_wconf 90' lang='lat' dir='ltr'><strong>pro</strong></span> <span class='ocrx_word' id='word_1_168' title='bbox 789 3129 913 3216; x_wconf 80' lang='lat' dir='ltr'><strong>quisque</strong></span> <span class='ocrx_word' id='word_1_169' title='bbox 937 3129 1067 3192; x_wconf 79' lang='lat' dir='ltr'><strong>iumento</strong></span> <span class='ocrx_word' id='word_1_170' title='bbox 1092 3128 1199 3190; x_wconf 82' lang='lat' dir='ltr'><strong>trianto</strong></span> <span class='ocrx_word' id='word_1_171' title='bbox 1221 3147 1282 3190; x_wconf 83' lang='lat' dir='ltr'><strong>uno</strong></span> <span class='ocrx_word' id='word_1_172' title='bbox 1306 3143 1376 3189; x_wconf 83' lang='lat' dir='ltr'><strong>tnn-</strong></span> <span class='ocrx_word' id='word_1_173' title='bbox 1395 3139 1456 3198; x_wconf 82' lang='grc'><strong>309,</strong></span> <span class='ocrx_word' id='word_1_174' title='bbox 1582 3187 1601 3201; x_wconf 32' lang='grc'><strong>1,</strong></span> 
     </span>
    </p>
   </div>
   <div class='ocr_carea' id='block_1_10' title="bbox 28 3241 1454 4048">
    <p class='ocr_par' dir='ltr' id='par_1_12' title="bbox 28 3241 1454 4048">
     <span class='ocr_line' id='line_1_26' title="bbox 32 3241 1377 3334; baseline 0.003 -30"><span class='ocrx_word' id='word_1_175' title='bbox 32 3258 158 3330; x_wconf 70' lang='lat' dir='ltr'><strong>reponat.</strong></span> <span class='ocrx_word' id='word_1_176' title='bbox 204 3245 238 3312; x_wconf 89' lang='lat' dir='ltr'><strong>Si</strong></span> <span class='ocrx_word' id='word_1_177' title='bbox 268 3248 333 3334; x_wconf 89' lang='lat' dir='ltr'><strong>quis</strong></span> <span class='ocrx_word' id='word_1_178' title='bbox 364 3268 417 3333; x_wconf 89' lang='lat' dir='ltr'><strong>per</strong></span> <span class='ocrx_word' id='word_1_179' title='bbox 444 3244 613 3333; x_wconf 82' lang='lat' dir='ltr'>superbiam</span> <span class='ocrx_word' id='word_1_180' title='bbox 643 3257 695 3310; x_wconf 93' lang='lat' dir='ltr'><strong>aut</strong></span> <span class='ocrx_word' id='word_1_181' title='bbox 722 3267 776 3333; x_wconf 88' lang='lat' dir='ltr'><strong>per</strong></span> <span class='ocrx_word' id='word_1_182' title='bbox 805 3247 985 3311; x_wconf 79' lang='lat' dir='ltr'><strong>inimicitiam</strong></span> <span class='ocrx_word' id='word_1_183' title='bbox 1015 3241 1144 3309; x_wconf 82' lang='lat' dir='ltr'>caballos</span> <span class='ocrx_word' id='word_1_184' title='bbox 1173 3255 1225 3308; x_wconf 88' lang='lat' dir='ltr'><strong>ant</strong></span> <span class='ocrx_word' id='word_1_185' title='bbox 1247 3245 1377 3310; x_wconf 81' lang='lat' dir='ltr'><strong>iumenta</strong></span> 
     </span>
     <span class='ocr_line' id='line_1_27' title="bbox 65 3355 1377 3453; baseline 0.002 -31"><span class='ocrx_word' id='word_1_186' title='bbox 65 3359 151 3426; x_wconf 86' lang='lat' dir='ltr'><strong>aliena</strong></span> <span class='ocrx_word' id='word_1_187' title='bbox 181 3361 346 3428; x_wconf 87' lang='lat' dir='ltr'><strong>trebatterit</strong></span> <span class='ocrx_word' id='word_1_188' title='bbox 368 3361 415 3427; x_wconf 86' lang='lat' dir='ltr'><strong>vel</strong></span> <span class='ocrx_word' id='word_1_189' title='bbox 443 3361 655 3440; x_wconf 82' lang='lat' dir='ltr'><strong>debilitaverit,</strong></span> <span class='ocrx_word' id='word_1_190' title='bbox 685 3362 773 3429; x_wconf 89' lang='lat' dir='ltr'><strong>malb.</strong></span> <span class='ocrx_word' id='word_1_191' title='bbox 797 3355 961 3430; x_wconf 80' lang='lat' dir='ltr'><strong>etalaehia⁸</strong></span> <span class='ocrx_word' id='word_1_192' title='bbox 988 3373 1058 3428; x_wconf 88' lang='lat' dir='ltr'><strong>sunt</strong></span> <span class='ocrx_word' id='word_1_193' title='bbox 1080 3360 1192 3428; x_wconf 86' lang='lat' dir='ltr'><strong>denarii</strong></span> <span class='ocrx_word' id='word_1_194' title='bbox 1218 3358 1302 3428; x_wconf 86' lang='lat'>1200</span> <span class='ocrx_word' id='word_1_195' title='bbox 1326 3362 1377 3453; x_wconf 89' lang='lat' dir='ltr'><strong>qui</strong></span> 
     </span>
     <span class='ocr_line' id='line_1_28' title="bbox 63 3476 726 3568; baseline 0.006 -28"><span class='ocrx_word' id='word_1_196' title='bbox 63 3476 170 3546; x_wconf 82' lang='lat' dir='ltr'><strong>iaciunt</strong></span> <span class='ocrx_word' id='word_1_197' title='bbox 190 3479 302 3546; x_wconf 86' lang='lat' dir='ltr'><strong>solidos</strong></span> <span class='ocrx_word' id='word_1_198' title='bbox 327 3477 369 3546; x_wconf 85' lang='lat'><strong>30</strong></span> <span class='ocrx_word' id='word_1_199' title='bbox 393 3477 548 3568; x_wconf 85' lang='lat' dir='ltr'><strong>culpabilis</strong></span> <span class='ocrx_word' id='word_1_200' title='bbox 570 3477 726 3544; x_wconf 80' lang='lat' dir='ltr'><strong>iudicetur.</strong></span> 
     </span>
     <span class='ocr_line' id='line_1_29' title="bbox 64 3603 796 3683; baseline 0.004 -12"><span class='ocrx_word' id='word_1_201' title='bbox 64 3613 116 3671; x_wconf 67' lang='lat' dir='ltr'><strong>m</strong></span> <span class='ocrx_word' id='word_1_202' title='bbox 260 3647 264 3655; x_wconf 66' lang='grc'><em>»</em></span> <span class='ocrx_word' id='word_1_203' title='bbox 642 3603 796 3683; x_wconf 37' lang='grc' dir='ltr'><strong>ἳωψ</strong></span> 
     </span>
     <span class='ocr_line' id='line_1_30' title="bbox 146 3720 1454 3812; baseline 0.001 -24"><span class='ocrx_word' id='word_1_204' title='bbox 146 3720 179 3788; x_wconf 92' lang='lat' dir='ltr'><strong>Si</strong></span> <span class='ocrx_word' id='word_1_205' title='bbox 203 3726 269 3812; x_wconf 88' lang='lat' dir='ltr'><strong>quis</strong></span> <span class='ocrx_word' id='word_1_206' title='bbox 292 3723 438 3788; x_wconf 87' lang='lat' dir='ltr'><strong>hominem</strong></span> <span class='ocrx_word' id='word_1_207' title='bbox 462 3726 642 3812; x_wconf 78' lang='lat' dir='ltr'><strong>ingenunurn</strong></span> <span class='ocrx_word' id='word_1_208' title='bbox 664 3723 839 3812; x_wconf 81' lang='lat' dir='ltr'><strong>plagiaverit</strong></span> <span class='ocrx_word' id='word_1_209' title='bbox 856 3735 885 3790; x_wconf 85' lang='lat' dir='ltr'><strong>et</strong></span> <span class='ocrx_word' id='word_1_210' title='bbox 897 3722 1055 3790; x_wconf 86' lang='lat' dir='ltr'><strong>vindiderit</strong></span> <span class='ocrx_word' id='word_1_211' title='bbox 1073 3737 1102 3789; x_wconf 91' lang='lat' dir='ltr'><strong>et</strong></span> <span class='ocrx_word' id='word_1_212' title='bbox 1115 3735 1220 3812; x_wconf 84' lang='lat' dir='ltr'><strong>postea</strong></span> <span class='ocrx_word' id='word_1_213' title='bbox 1234 3725 1264 3788; x_wconf 91' lang='lat' dir='ltr'><strong>in</strong></span> <span class='ocrx_word' id='word_1_214' title='bbox 1280 3723 1376 3812; x_wconf 91' lang='lat' dir='ltr'><strong>patria</strong></span> <span class='ocrx_word' id='word_1_215' title='bbox 1394 3739 1454 3799; x_wconf 79' lang='lat'><strong>226.</strong></span> 
     </span>
     <span class='ocr_line' id='line_1_31' title="bbox 28 3833 1375 3930; baseline 0.004 -29"><span class='ocrx_word' id='word_1_216' title='bbox 28 3858 49 3897; x_wconf 81' lang='lat' dir='ltr'><strong>aa</strong></span> <span class='ocrx_word' id='word_1_217' title='bbox 63 3833 107 3918; x_wconf 88' lang='lat' dir='ltr'><strong>[ad</strong></span> <span class='ocrx_word' id='word_1_218' title='bbox 130 3837 263 3928; x_wconf 89' lang='lat' dir='ltr'><strong>propria]</strong></span> <span class='ocrx_word' id='word_1_219' title='bbox 287 3839 549 3918; x_wconf 80' lang='lat' dir='ltr'><strong>reversus&#39;snerit,</strong></span> <span class='ocrx_word' id='word_1_220' title='bbox 574 3840 661 3906; x_wconf 87' lang='lat' dir='ltr'><strong>malb.</strong></span> <span class='ocrx_word' id='word_1_221' title='bbox 680 3835 877 3908; x_wconf 81' lang='lat' dir='ltr'><strong>chaldeficho&#39;</strong></span> <span class='ocrx_word' id='word_1_222' title='bbox 899 3840 1011 3908; x_wconf 88' lang='lat' dir='ltr'><strong>solidos</strong></span> <span class='ocrx_word' id='word_1_223' title='bbox 1037 3838 1099 3908; x_wconf 95' lang='grc'><strong>100</strong></span> <span class='ocrx_word' id='word_1_224' title='bbox 1122 3841 1275 3930; x_wconf 86' lang='lat' dir='ltr'><strong>culpabilis</strong></span> <span class='ocrx_word' id='word_1_225' title='bbox 1299 3841 1375 3906; x_wconf 90' lang='lat' dir='ltr'><strong>iudi-</strong></span> 
     </span>
     <span class='ocr_line' id='line_1_32' title="bbox 63 3957 1374 4048; baseline 0.005 -29"><span class='ocrx_word' id='word_1_226' title='bbox 63 3969 149 4021; x_wconf 83' lang='lat' dir='ltr'><strong>cetur.</strong></span> <span class='ocrx_word' id='word_1_227' title='bbox 196 3957 317 4046; x_wconf 89' lang='lat' dir='ltr'><strong>Siquis</strong></span> <span class='ocrx_word' id='word_1_228' title='bbox 346 3957 493 4023; x_wconf 87' lang='lat' dir='ltr'><strong>hominem</strong></span> <span class='ocrx_word' id='word_1_229' title='bbox 520 3961 680 4046; x_wconf 83' lang='lat' dir='ltr'><strong>ingenuum</strong></span> <span class='ocrx_word' id='word_1_230' title='bbox 703 3959 868 4026; x_wconf 85' lang='lat' dir='ltr'><strong>vendiderit</strong></span> <span class='ocrx_word' id='word_1_231' title='bbox 890 3973 919 4026; x_wconf 90' lang='lat' dir='ltr'><strong>et</strong></span> <span class='ocrx_word' id='word_1_232' title='bbox 941 3972 1044 4048; x_wconf 88' lang='lat' dir='ltr'><strong>postea</strong></span> <span class='ocrx_word' id='word_1_233' title='bbox 1067 3962 1097 4023; x_wconf 94' lang='lat' dir='ltr'><strong>in</strong></span> <span class='ocrx_word' id='word_1_234' title='bbox 1121 3963 1217 4046; x_wconf 88' lang='lat' dir='ltr'><strong>patria</strong></span> <span class='ocrx_word' id='word_1_235' title='bbox 1239 3981 1374 4026; x_wconf 87' lang='lat' dir='ltr'><strong>reversus</strong></span> 
     </span>
    </p>
   </div>
   <div class='ocr_carea' id='block_1_11' title="bbox 61 4070 1375 4282">
    <p class='ocr_par' dir='ltr' id='par_1_13' title="bbox 61 4070 1375 4282">
     <span class='ocr_line' id='line_1_33' title="bbox 61 4070 1375 4168; baseline 0.011 -34"><span class='ocrx_word' id='word_1_236' title='bbox 61 4071 95 4136; x_wconf 94' lang='lat' dir='ltr'><strong>ad</strong></span> <span class='ocrx_word' id='word_1_237' title='bbox 123 4077 246 4164; x_wconf 86' lang='lat' dir='ltr'><strong>propria</strong></span> <span class='ocrx_word' id='word_1_238' title='bbox 274 4097 336 4142; x_wconf 87' lang='lat' dir='ltr'><strong>non</strong></span> <span class='ocrx_word' id='word_1_239' title='bbox 363 4073 465 4152; x_wconf 82' lang='lat' dir='ltr'><strong>inerit,</strong></span> <span class='ocrx_word' id='word_1_240' title='bbox 495 4074 583 4140; x_wconf 91' lang='lat' dir='ltr'><strong>malb.</strong></span> <span class='ocrx_word' id='word_1_241' title='bbox 609 4075 777 4146; x_wconf 83' lang='lat' dir='ltr'><strong>sranehamo</strong></span> <span class='ocrx_word' id='word_1_242' title='bbox 793 4070 818 4105; x_wconf 79' lang='lat'><strong>¹⁹</strong></span> <span class='ocrx_word' id='word_1_243' title='bbox 846 4087 917 4144; x_wconf 87' lang='lat' dir='ltr'><strong>sunt</strong></span> <span class='ocrx_word' id='word_1_244' title='bbox 944 4075 1054 4142; x_wconf 89' lang='lat' dir='ltr'><strong>denarii</strong></span> <span class='ocrx_word' id='word_1_245' title='bbox 1077 4075 1165 4144; x_wconf 86' lang='grc'>8000</span> <span class='ocrx_word' id='word_1_246' title='bbox 1190 4079 1241 4168; x_wconf 89' lang='lat' dir='ltr'><strong>qui</strong></span> <span class='ocrx_word' id='word_1_247' title='bbox 1263 4075 1375 4149; x_wconf 80' lang='lat' dir='ltr'><strong>iaciunt</strong></span> 
     </span>
     <span class='ocr_line' id='line_1_34' title="bbox 61 4190 613 4282; baseline 0.005 -27"><span class='ocrx_word' id='word_1_248' title='bbox 61 4190 172 4258; x_wconf 86' lang='lat' dir='ltr'><strong>solidos</strong></span> <span class='ocrx_word' id='word_1_249' title='bbox 194 4190 260 4258; x_wconf 88' lang='grc'><strong>200</strong></span> <span class='ocrx_word' id='word_1_250' title='bbox 282 4193 437 4282; x_wconf 77' lang='lat' dir='ltr'><strong>culpabilis</strong></span> <span class='ocrx_word' id='word_1_251' title='bbox 459 4190 613 4262; x_wconf 83' lang='lat' dir='ltr'><strong>iudicetur.</strong></span> 
     </span>
    </p>
   </div>
   <div class='ocr_carea' id='block_1_12' title="bbox 62 4373 1263 4811">
    <p class='ocr_par' dir='ltr' id='par_1_14' title="bbox 62 4373 1164 4718">
     <span class='ocr_line' id='line_1_35' title="bbox 62 4373 908 4448; baseline 0.005 -19"><span class='ocrx_word' id='word_1_252' title='bbox 62 4373 331 4444; x_wconf 50' lang='lat' dir='ltr'><strong>ifflssmdffl</strong></span> <span class='ocrx_word' id='word_1_253' title='bbox 783 4375 908 4448; x_wconf 54' lang='lat' dir='ltr'><strong>dm&amp;</strong></span> 
     </span>
     <span class='ocr_line' id='line_1_36' title="bbox 95 4463 1164 4540; baseline 0.007 -22"><span class='ocrx_word' id='word_1_254' title='bbox 95 4463 467 4540; x_wconf 49' lang='lat' dir='ltr'><strong>duachQmew„</strong></span> <span class='ocrx_word' id='word_1_255' title='bbox 784 4465 1164 4536; x_wconf 56' lang='lat' dir='ltr'><strong>ddadaffloemffimist</strong></span> 
     </span>
     <span class='ocr_line' id='line_1_37' title="bbox 96 4542 1138 4628; baseline 0.009 -21"><span class='ocrx_word' id='word_1_256' title='bbox 96 4553 395 4622; x_wconf 55' lang='lat' dir='ltr'><strong>ammmm</strong></span> <span class='ocrx_word' id='word_1_257' title='bbox 617 4619 619 4628; x_wconf 52' lang='grc'>,</span> <span class='ocrx_word' id='word_1_258' title='bbox 783 4542 1138 4627; x_wconf 57' lang='lat' dir='ltr'><strong>vmmffimn</strong></span> 
     </span>
     <span class='ocr_line' id='line_1_38' title="bbox 64 4641 956 4718; baseline 0.01 -24"><span class='ocrx_word' id='word_1_259' title='bbox 64 4641 488 4712; x_wconf 58' lang='lat' dir='ltr'><strong>fflffimemwffl.</strong></span> <span class='ocrx_word' id='word_1_260' title='bbox 746 4646 956 4718; x_wconf 55' lang='lat' dir='ltr'><strong>ssdffiwd</strong></span> 
     </span>
    </p>

    <p class='ocr_par' dir='ltr' id='par_1_15' title="bbox 63 4729 1263 4811">
     <span class='ocr_line' id='line_1_39' title="bbox 63 4729 1263 4811; baseline 0.009 -25"><span class='ocrx_word' id='word_1_261' title='bbox 63 4729 271 4811; x_wconf 46' lang='lat' dir='ltr'><strong>lstqmd</strong></span> <span class='ocrx_word' id='word_1_262' title='bbox 786 4735 1126 4810; x_wconf 50' lang='grc' dir='ltr'><strong>Ἳὼᾶωώψω</strong></span> <span class='ocrx_word' id='word_1_263' title='bbox 1243 4777 1263 4802; x_wconf 79' lang='grc'><strong>.</strong></span> 
     </span>
    </p>
   </div>
   <div class='ocr_carea' id='block_1_13' title="bbox 0 0 1624 5242">
    <p class='ocr_par' dir='ltr' id='par_1_16' title="bbox 0 0 1624 5242">
     <span class='ocr_line' id='line_1_40' title="bbox 0 0 1624 5242; baseline 0 0"><span class='ocrx_word' id='word_1_264' title='bbox 0 0 1624 5242; x_wconf 95' lang='lat' dir='ltr'><strong> </strong></span> 
     </span>
    </p>
   </div>
  </div>
 </body>
</html>
