3236 5242
128 239 131 249 '
219 213 268 301 80
449 328 456 340 s
705 243 707 250 ’
785 245 968 305 novennis

217 422 286 510 palo
314 422 454 502 misisset,
486 421 592 511 aliquis
621 387 686 488 euna
714 423 820 490 exinde
843 429 905 492 sine
927 429 1070 516 permisso
1094 424 1199 490 iudicis
1223 423 1373 489 antidius
1397 425 1447 512 qui
1471 443 1532 490 eun

218 537 327 604 ibidem
350 542 429 604 misit
450 537 553 606 toliere
575 545 819 629 praesumpserit,
843 537 1089 610 malb.banei1ai¹
1113 539 1178 608 600
1201 541 1336 607 denarios
1360 543 1410 638 qni
1428 539 1534 606 iaciunt

120 657 199 716 ⁴356.
218 655 330 722 solidos
356 653 397 723 15
421 658 575 747 culpabilis
598 657 774 725 iudicetur*
1111 657 1114 664 ’

217 803 279 862 eta.
817 793 868 874 34,
882 805 940 865 23.ο

138 913 198 971 357.
306 907 356 976 De
383 933 422 976 eo
448 915 510 1000 qui
533 909 654 977 filiam
677 912 833 977 alienam
858 914 1103 1001 sponsaverit·
1125 923 1158 977 et
1181 933 1217 976 se
1240 911 1458 976 retraxerit.
1507 906 1558 975 Sis

218 1028 284 1116 quis
313 1027 400 1092 filiam
426 1029 552 1102 ,alienam
581 1032 767 1117 sponsaverit
795 1042 824 1095 et
851 1052 882 1095 se
911 1031 1067 1098 retraxerit
1095 1042 1124 1094 et
1147 1051 1214 1094 earn
1240 1027 1369 1092 noluerit
1390 1026 1537 1115 prindere,

216 1143 305 1209 maib.
321 1139 503 1223 friiastina¹,·
516 1144 602 1211 2500
626 1146 761 1211 denarios
785 1149 835 1235 qui
850 1145 964 1211 sariunt
978 1146 1090 1211 solidos
1107 1138 1189 1228 62¹),
1210 1144 1365 1232 culpabilis
1381 1143 1536 1208 indicetur.
1594 1152 1602 1202 ¹,

218 1253 282 1325 [De
306 1246 459 1332 cultello
478 1249 693 1314 seaeaudro.
731 1257 763 1314 Si
787 1258 851 1332 quie
870 1256 953 1315 alteri
969 1255 1112 1334 ¹cultellum
1127 1253 1273 1327 furaverit
1291 1263 1318 1312 et
1336 1256 1363 1312 ei
1382 1253 1474 1325 fuerit
1493 1254 1537 1310 ed·

215 1353 382 1428 probatum,
400 1357 492 1429 ipram
507 1357 540 1412 a'n
559 1355 622 1414 loeo
641 1356 771 1414 restituat
789 1365 815 1414 et
832 1357 949 1430 insuper
967 1353 1023 1412 000
1038 1355 1173 1414 denarios
1192 1355 1239 1429 qui
1257 1352 1371 1419 foeteret
1383 1352 1495 1411 solidos
1508 1352 1540 1408 15

217 1452 369 1526 culpabilis
388 1454 539 1512 iudicetur.
578 1453 630 1513 De
648 1454 796 1513 muliere
815 1454 969 1531 provida
989 1455 1119 1513 occisa.
1156 1455 1181 1509 1.
1199 1451 1536 1529 §iquirmolierempra-
1551 1469 1569 1508 n

216 1551 313 1607 vidam
332 1552 485 1624 occiderit,
502 1550 596 1608 24000
609 1553 745 1611 denarios
763 1555 811 1630 qni
828 1553 941 1624 faciunt
958 1553 1067 1612 solidos
1085 1549 1142 1608 000
1157 1550 1313 1626 culpabilia
1327 1551 1481 1610 iudicetur.
1506 1549 1538 1607 10

216 1651 241 1706 si
258 1651 411 1723 probatum
427 1649 516 1724 fuerit
535 1651 612 1725 qnod
626 1662 728 1730 partus
747 1651 795 1711 ille
812 1671 885 1726 puer
901 1651 999 1726 feeerit,
1017 1650 1102 1708 simili
1121 1651 1281 1709 conditione
1298 1668 1353 1725 pro
1372 1651 1438 1724 ipro
1448 1667 1537 1724 perere

216 1745 272 1803 000
286 1748 394 1807 solidos
412 1749 564 1824 culpabilis
583 1751 732 1809 iudicetur.
769 1751 794 1808 2.
816 1753 847 1810 st
866 1754 929 1828 quis
945 1750 1071 1827 puellam
1089 1752 1168 1808 intra
1186 1749 1335 1808 duodecim
1348 1765 1440 1806 annos
1453 1765 1538 1823 usqae

213 1847 258 1904 'ad
276 1827 471 1906 duodecimum
490 1848 630 1923 impletum
649 1849 795 1921 occiderit,
813 1850 922 1908 solidor
939 1847 997 1906 200
1012 1848 1165 1924 culpabilis
1182 1849 1330 1908 iudicetur.
1357 1849 1389 1905 dt
1401 1865 1473 1906 vero
1485 1863 1536 1903 mn·

214 1947 271 2002 ieri
290 1956 384 2006 aetate
402 1965 490 2023 aesque
509 1947 550 2004 nd
567 1950 772 2024 seeopeeimpm
791 1968 909 2022 mum,
928 1967 1071 2025 quousque
1085 1957 1200 2024 partum
1213 1948 1320 2007 tatere
1330 1947 1453 2023 poterit,
1470 1946 1535 2002 oeci·
1549 1965 1566 2004 n

215 2045 303 2116 derit,
326 2043 419 2101 24000
437 2047 572 2105 denarios
596 2049 644 2124 qui
666 2047 779 2118 faciunt
803 2048 913 2106 solidos
936 2045 993 2104 000
1012 2046 1165 2122 culpabilis
1188 2047 1338 2106 iudicetur.
1381 2046 1413 2102 Si
1436 2053 1534 2118 posteo

212 2142 302 2213 faerit
326 2145 423 2202 occisa
442 2145 556 2221 quondo
575 2143 764 2221 inrepertum
783 2147 907 2223 amplias
925 2145 1032 2205 dobere
1050 2164 1106 2203 non
1122 2149 1261 2222 potuerit,
1285 2144 1394 2203 solidos
1413 2141 1474 2200 200
1488 2143 1532 2200 cai·

212 2242 321 2312 patalis
345 2243 496 2302 iudicetur.
532 2243 586 2302 De
609 2244 789 2304 delatura,
828 2248 858 2304 Si
882 2247 945 2322 quis
968 2245 1105 2304 hominem
1128 2245 1265 2304 occiderit
1283 2253 1310 2302 et
1327 2242 1406 2320 quod
1424 2241 1476 2300 lex
1492 2241 1528 2298 do·

163 2345 183 2397 ’.
215 2341 274 2398 tuit
294 2359 351 2416 pro
375 2361 408 2400 eo
432 2342 559 2414 dederit,
582 2343 690 2402 solidos
712 2344 753 2402 30
770 2363 826 2420 pro
849 2345 983 2403 delatura
1008 2354 1160 2420 conponat·
1196 2343 1244 2402 De
1261 2361 1352 2419 puero
1372 2350 1425 2399 out
1442 2341 1523 2399 didere

214 2438 325 2498 solidos
348 2440 390 2498 15.
427 2441 475 2500 De
491 2441 617 2515 fartibus
634 2462 702 2501 vero
725 2444 791 2502 eliis
808 2443 827 2501 7
843 2443 961 2504 solidor.
1002 2445 1116 2504 Causae
1135 2461 1205 2503 vero
1224 2443 1385 2501 dominicae
1403 2443 1434 2498 in
1454 2439 1550 2516 triplae·

215 2541 429 2615 conponentem]
1030 2559 1032 2566 ·

745 2691 1008 2705 Ἥ

214 2938 275 2998 ars.
646 2967 648 2972 -
801 2925 952 3008 6,9-11.

304 3042 425 3132 Siquis
449 3046 592 3132 sapritum
616 3047 678 3110 sive
705 3067 822 3134 capram
847 3060 899 3112 aut
922 3043 995 3112 duas
1021 3067 1122 3135 eapras
1146 3044 1192 3112 vel
1215 3057 1274 3112 tres
1297 3041 1415 3112 iuratns
1438 3043 1529 3120 inerit,

217 3161 281 3228 120
310 3161 439 3228 dinarios
469 3165 519 3250 qui
548 3159 659 3228 iaciunt
682 3162 793 3228 solidos
818 3161 837 3229 3
863 3163 1023 3256 culpabilis,
1041 3163 1189 3230 iudicetur
1212 3173 1336 3252 excepto
1361 3163 1482 3251 capitale
1504 3174 1531 3225 et
1599 3141 1600 3144 Ἴ

216 3278 358 3346 delatura.
1545 3301 1566 3350 ea

214 3426 275 3484 ero.
826 3415 856 3494 6,
870 3425 927 3486 13.-

304 3525 344 3596 [Si
364 3529 421 3598 qnis
440 3523 545 3582 bnornm
564 3526 698 3594 iuraverit,
718 3525 770 3583 000
788 3527 901 3584 dinarios
921 3504 964 3602 qni
984 3527 1080 3584 feriunt
1098 3527 1196 3585 solidos
1216 3526 1250 3585 10
1265 3528 1398 3602 culpabilis
1410 3527 1529 3584 indicetur

216 3634 319 3698 excepto
339 3625 443 3698 capitale
462 3634 487 3680 et
506 3625 637 3694 delatura]
1400 3651 1404 3656 .

214 3759 275 3816 277.
805 3747 945 3827 6,15.16.
991 3791 994 3803 =

235 3939 237 3944 ¹
305 3862 337 3931 Si
362 3867 427 3954 quis
451 3886 550 3930 ranem
569 3866 698 3930 sensium
711 3855 855 3931 ¹iuraverit
870 3878 922 3930 aut
938 3865 1079 3930 occiderit
1095 3868 1145 3954 qui
1161 3868 1300 3953 magister
1314 3869 1362 3945 sit,
1389 3865 1472 3935 1800
1487 3865 1526 3930 (0-
1539 3887 1558 3926 rr

173 3997 176 4004 ⁴
215 3985 314 4048 narios
338 3985 388 4071 qui
412 3980 523 4048 iaciunt
540 3982 652 4050 solidos
669 3979 711 4048 45
731 3982 885 4070 culpabilis
901 3980 1048 4048 iudicetur
1064 3996 1187 4071 excepto
1205 3984 1327 4072 capitale
1343 3997 1373 4050 ot
1388 3983 1523 4050 delatura.

214 4129 275 4188 278.
795 4115 846 4196 73,
860 4128 901 4187 30.
913 4128 955 4188 31.
979 4162 982 4169 -

235 4285 238 4292 .
305 4231 337 4300 Si
368 4237 433 4322 quis
462 4257 533 4301 vero
562 4237 690 4301 seusium
720 4235 864 4323 reliquum
893 4247 944 4300 aut
972 4235 1092 4302 veltrem
1123 4238 1291 4323 poreariunr
1319 4238 1382 4301 sive
1409 4235 1521 4301 veltren

213 4351 392 4438 leporarium
417 4353 467 4438 qni
491 4364 519 4416 et
542 4356 708 4442 argutarius
732 4350 840 4416 dicitur
862 4349 978 4418 iuratus
1001 4351 1088 4418 suerit
1113 4353 1157 4416 vel
1181 4352 1335 4430 occiderit,
1361 4349 1424 4416 600
1447 4352 1521 4416 dina·
1596 4339 1597 4354 ¹

148 4511 155 4519 -
183 4545 186 4552 ι
213 4471 275 4534 rios
300 4469 350 4555 qui
373 4466 485 4534 faciunt
508 4468 618 4534 solidos
644 4467 683 4542 15
708 4468 862 4556 culpabilis
885 4467 1032 4534 indicetur
1054 4481 1177 4556 excepto
1203 4468 1556 4557 representantem

118 4713 123 4726 ·
213 4687 274 4744 273.
304 4689 323 4758 ¹)
341 4686 383 4744 ita
401 4685 426 4742 7.
444 4687 470 4744 8.
488 4687 514 4745 9.
538 4689 597 4744 raba
615 4691 656 4746 nai
676 4688 717 4748 10.
1022 4739 1025 4750 .

213 4777 273 4832 271.
302 4779 322 4849 ’)
339 4778 382 4835 ita
400 4776 424 4833 7.
442 4777 468 4833 8.
492 4779 524 4838 fri
542 4780 639 4836 bastina
658 4780 682 4836 9.
706 4779 778 4838 friira
796 4785 881 4857 sigena
902 4775 943 4838 10.
