3210 5244
553 239 683 311 0000ηο
711 241 893 298 cvr-uxr.
962 235 965 246 ’
1329 219 1380 293 33

81 416 139 504 palo
164 418 193 480 in
220 435 310 490 manu
337 435 392 480 sua
416 437 485 504 sepe
508 416 604 482 sallire
628 416 724 484 dehet.
759 439 815 506 pro
839 413 1024 481 medietatem
1048 425 1189 504 quamum
1211 412 1250 479 de
1273 435 1408 500 caupo--

81 535 177 598 sicione
199 531 281 621 diger
303 545 348 598 ost
371 545 423 598 aut
446 547 588 622 quantum
610 534 659 600 lex
682 533 799 600 addicat
823 531 863 598 illi
886 545 946 598 tres
970 533 1101 610 solvant,
1125 531 1183 597 hoc
1207 544 1251 597 est
1272 532 1313 596 illi
1336 532 1384 596 alii
1401 535 1462 594 317.

80 653 124 740 qui
151 649 184 716 de
209 663 332 738 paterna
361 647 553 740 generacione
575 649 723 730 veniunt*
745 651 840 716 facere
864 649 981 716 debent.
1028 649 1062 716 Si
1086 670 1160 716 vero
1182 649 1218 715 de
1241 649 1296 714 illis
1320 651 1385 737 qui·
1403 651 1485 710 ⁰161.

80 789 190 856 cumque
221 769 388 855 proximior
421 767 510 834 inerit
542 782 577 834 ut
610 791 670 834 non
700 768 809 834 habeat
836 767 915 834 unde
942 770 1089 856 integrum
1118 767 1249 833 debiturn
1277 767 1463 866 0010001112.

56 887 242 974 oqnicnrnque
266 883 302 950 de
324 885 380 950 illis
403 886 470 973 plus
493 885 583 952 hahet
605 888 712 952 iterum
734 908 825 974 super
847 886 928 951 illum
949 878 1165 950 chrenccruda’
1180 885 1228 950 ilie
1247 887 1297 973 qui
1312 905 1386 972 pau·

80 1004 167 1089 perior
188 1013 232 1067 est
253 1003 383 1079 iactavit,
408 1003 455 1067 ille
477 1015 571 1068 totam
594 1005 686 1093 legem
709 1002 868 1092 persolvat.
916 1001 1053 1087 Quodsi
1077 1024 1148 1068 vero
1172 1023 1226 1067 nec
1248 1005 1311 1090 ipse
1333 1001 1386 1065 ha·

79 1117 165 1183 buerit
189 1117 268 1184 unde
297 1131 391 1184 totam
420 1118 513 1208 legem
540 1121 706 1208 persolvat,
737 1133 810 1186 tunc
837 1120 918 1185 illum
947 1117 999 1218 qui
1026 1118 1217 1186 homicidium
1244 1118 1313 1184 iecit
1335 1119 1386 1206 qui

81 1257 135 1299 enm
164 1234 217 1301 sub
245 1234 304 1300 fide
334 1234 440 1302 hahuit
468 1239 499 1301 in
526 1238 612 1302 mallo
641 1251 829 1326 praesentare
858 1237 947 1303 dehet
977 1249 1006 1302 et
1034 1239 1076 1302 sic
1104 1249 1209 1325 postea
1238 1258 1304 1301 eum
1334 1257 1388 1322 por

83 1364 195 1438 quatuor
223 1352 327 1418 mallos
356 1353 395 1418 ad
418 1375 501 1420 suana
523 1353 610 1420 fidem
633 1356 727 1421 tollat.
758 1354 813 1420 1110
834 1357 859 1420 si
883 1375 950 1420 euru
972 1347 1003 1418 in
1027 1356 1265 1442 conpositionem
1287 1351 1464 1417 nuilus163.

53 1465 111 1532 uad
136 1467 218 1534 fidem
247 1469 359 1537 tullerit
386 1471 444 1538 hoc
473 1484 518 1540 est
543 1485 578 1539 ut
600 1494 666 1540 eunn
688 1471 813 1539 redimat
835 1469 873 1538 de
897 1469 979 1560 quod
1001 1471 1242 1560 nonpersolvit,
1275 1469 1389 1536 desua

79 1587 130 1651 rita
151 1584 336 1675 conponat*
532 1619 534 1624 ·
636 1667 637 1671 Ἰ
769 1673 772 1680 ⁴
1405 1584 1487 1678 ftsst.

562 1707 648 1784 LIX.
688 1708 742 1784 De
769 1705 892 1783 alodis.

34 1869 38 1878 “
159 1849 185 1925 1.
214 1853 248 1925 Si
278 1860 343 1946 quis
372 1871 506 1925 mortuus
530 1857 620 1924 suerit
642 1871 671 1925 et
692 1859 769 1925 filios
792 1883 853 1940 non
877 1858 1019 1926 dimiserit
1041 1859 1068 1924 si
1089 1870 1183 1922 mater
1205 1877 1260 1922 sua
1283 1861 1466 1943 super-165.

78 1973 170 2054 inerit,
193 1979 259 2064 ipsa
281 1977 312 2040 in
333 1974 525 2041 hereditatem
548 1975 695 2042 succedat.
765 1976 796 2044 2.
825 1975 859 2043 Si
881 1974 1002 2042 *mater
1023 1997 1085 2041 non
1107 1973 1197 2040 suerit
1219 1987 1249 2038 et
1269 1972 1389 2039 fratrem
1407 1973 1489 2055 ⁶166.

48 2103 67 2142 ¹⁸
79 2105 122 2158 aut
143 2115 272 2158 sororem
296 2091 452 2171 dimiserit‚'
470 2094 528 2180 ipsi
545 2095 575 2156 in
591 2093 783 2159 hereditatem
799 2093 968 2160 succedant.
1027 2092 1057 2159 3.
1081 2091 1115 2158 Si
1130 2093 1179 2157 isti
1194 2113 1254 2156 non
1270 2089 1387 2166 fuerint,
1407 2094 1467 2152 319.

78 2221 139 2276 tunc
165 2232 251 2275 soror
279 2209 380 2275 matris
409 2212 440 2274 in
463 2207 655 2276 hereditatem
679 2197 825 2292 succedat.
864 2224 893 2276 ct
915 2209 983 2275 inde
1007 2209 1042 2276 de
1065 2190 1121 2276 illis
1145 2205 1389 2298 generationibus
1409 2211 1467 2270 167.
1538 2209 1542 2216 ’

80 2329 244 2416 quicumque
267 2329 433 2415 proximior
454 2325 543 2402 inerit
565 2329 612 2394 ilie
634 2331 666 2393 in
688 2328 878 2394 hereditatem
904 2315 1052 2394 succedat.
1109 2323 1141 2392 4.
1165 2325 1209 2392 De
1225 2338 1303 2391 terra
1318 2345 1388 2388 vero

79 2445 146 2510 nulla
169 2445 200 2509 in
222 2444 343 2510 muliero
366 2443 513 2512 hereditas
537 2457 584 2511 est
605 2444 658 2512 sed
681 2445 719 2512 ad
741 2445 855 2513 virilem
878 2468 982 2514 sexum
1007 2447 1059 2536 qui
1080 2443 1185 2511 fratres
1202 2441 1312 2509 suerint
1326 2453 1412 2534 tota,
1448 2527 1450 2532 Ι

80 2573 143 2629 terra
164 2560 354 2652 perteneat*
642 2637 643 2642 .
1226 2546 1229 2552 ⁵
1408 2563 1488 2626 ⁰168.

50 2763 70 2805 ²·
238 2741 310 2821 LX.
349 2741 402 2821 De
429 2768 510 2820 eum
538 2745 599 2845 qui
626 2767 665 2822 se
694 2743 738 2822 de
764 2745 950 2846 parentilla
976 2741 1099 2822 tollere
1126 2743 1214 2822 vult.
1408 2847 1489 2906 tou.

152 2893 187 2961 Iu
214 2896 302 2960 mallo
331 2908 398 2960 ante
425 2894 630 2984 thunginum*
659 2897 808 2964 ambulare
838 2898 926 2965 dehet
954 2911 1001 2965 et
1010 2899 1052 2965 ibi
1078 2910 1138 2963 tres
1162 2892 1469 2980 sustisalninus170

85 3033 156 3102 super
182 3025 271 3102 caput
294 3035 381 3077 suum
404 3010 537 3101 frangere
561 3012 659 3091 dehet,
684 3027 713 3080 et
734 3015 832 3081 illos
823 3038 854 3082 m
870 3029 999 3105 quatuor
1013 3027 1113 3104 partes
1129 3015 1159 3077 in
1174 3010 1287 3076 mallo
1278 3022 1387 3074 motare
1409 3015 1469 3074 171.

83 3127 154 3196 dehet
178 3143 208 3195 et
229 3128 271 3194 ibi
294 3127 391 3194 dicere
415 3127 497 3218 quod
519 3131 683 3204 iuramento
707 3143 736 3197 et
751 3131 942 3199 hereditatem
956 3145 988 3198 et
1002 3144 1096 3197 totam
1111 3132 1255 3196 rationem
1271 3128 1389 3194 illorum

79 3247 159 3314 tollat.
195 3245 279 3312 Et
257 3268 298 3311 sne
320 3233 426 3333 postea
449 3246 555 3334 aliquis
579 3246 616 3313 de
639 3251 700 3314 suis
723 3249 897 3358 parentibus
921 3261 974 3314 aut
995 3251 1141 3314 moriatur
1158 3259 1211 3314 aut
1226 3245 1388 3322 occidatur,

45 3365 148 3429 nonulla
173 3363 211 3428 ad
234 3385 300 3430 eum
322 3385 376 3428 nec
398 3363 546 3430 hereditas
569 3387 623 3431 nec
647 3369 818 3455 conposioio
841 3379 1001 3456 perteneat.
1034 3368 1059 3431 si
1076 3385 1145 3432 vero
1167 3344 1232 3436 0010
1248 3365 1391 3430 moriatur
1408 3367 1450 3426 20.

77 3494 120 3548 aut
141 3479 305 3559 occidatur,
330 3482 500 3568 conpositio
525 3495 577 3548 aut
598 3483 745 3550 hereditas
768 3483 854 3550 ad
830 3507 870 3550 ers
894 3486 1067 3573 permaniat.
1323 3485 1326 3492 ’

492 3661 608 3740 ’οΧΙ.
646 3664 701 3741 vDe
729 3663 904 3744 charoena
913 3658 934 3742 ¹.
1444 3785 1460 3844 9

1408 3789 1442 3845 00

151 3807 185 3882 Si
202 3813 266 3904 quis
283 3813 365 3880 alteri
381 3813 416 3880 de
431 3837 550 3880 manum
564 3839 647 3906 suam
663 3814 741 3884 idest
751 3841 837 3884 mano
850 3841 940 3907 super
952 3818 1002 3884 illo
1016 3813 1151 3905 aliquid*
1166 3812 1312 3902 rapuerit,
1329 3829 1390 3878 rem
1409 3867 1422 3892 ,
1431 3831 1505 3917 1031,

77 3931 101 3998 10
123 3936 218 4021 capite
240 3931 345 3998 reddat
367 3945 397 3998 et
417 3934 538 4018 insuper
559 3934 648 4000 malh.
666 3930 798 4002 alcham¹
819 3935 878 4002 hoc
900 3950 944 4001 est
965 3933 1049 4001 1200
1065 3934 1195 3999 dinarios
1213 3955 1264 4021 qur
1255 3931 1391 3997 iaciunt

42 4065 63 4105 tu
77 4051 182 4116 solidos
196 4048 241 4116 30
257 4049 411 4138 culpabilis
425 4047 581 4114 iudicetur.
588 4047 607 4083 ⁴
667 4051 697 4117 2.
720 4051 753 4118 Si
768 4073 838 4118 vero
856 4054 1032 4141 quicumque
1047 4052 1136 4115 homo
1154 4049 1313 4154 quemlihet
1328 4071 1390 4114 rem
1409 4021 1505 4151 ἐξ·

77 4165 198 4256 desuper
220 4167 395 4233 hominem
387 4189 417 4231 nn
437 4167 528 4232 tercia
549 4187 637 4231 manu
657 4169 769 4234 miserit
789 4167 841 4233 sed
858 4191 883 4233 sn
875 4169 982 4233 haec
986 4189 1104 4232 manum
1118 4149 1263 4233 violenter
1278 4168 1388 4244 tulerit,

77 4286 158 4352 nalh.
176 4264 366 4351 charoenna⁸
391 4281 476 4350 1200
499 4282 628 4349 dinarios
651 4287 702 4372 qui
726 4283 837 4350 faciunt
859 4284 971 4350 solidos
996 4283 1039 4349 30
1061 4284 1215 4373 culpabitis
1234 4285 1388 4351 iudicetur.

113 4497 132 4566 ¹)
155 4496 197 4552 cca
214 4494 239 4551 1.
275 4494 458 4550 crenccurando
477 4493 502 4552 2.
540 4495 612 4551 chero
629 4495 705 4550 cruda
758 4495 828 4551 LXI.
861 4498 880 4566 Ι)
898 4495 940 4552 ila
958 4495 982 4552 1.
1011 4513 1135 4552 caruenna
1152 4495 1177 4554 2.
1207 4498 1346 4553 charoenna
1365 4495 1390 4552 3.

79 4577 102 4640 0.
119 4581 304 4642 chreneohruda
320 4583 336 4640 5
354 4591 382 4643 ei
399 4583 611 4654 contrafacere.
624 4583 703 4659 lepis.
759 4605 849 4642 earoen
867 4585 892 4640 d.
917 4605 1060 4663 oerouueno
1073 4586 1110 4643 5„
1123 4607 1192 4644 carro
1206 4606 1271 4643 enno
1284 4586 1309 4641 6.
1333 4605 1391 4642 aro·

81 4673 268 4732 chenccrudah.
292 4673 704 4732 01000000000107.10.01001000
758 4673 848 4732 0007.
877 4695 968 4733 0000ηο
985 4676 1011 4734 8.
1029 4677 1054 4734 9.
1081 4679 1229 4734 harouueno
1250 4675 1291 4733 10.

80 4763 151 4822 cruda
168 4766 256 4839 (corr.
275 4765 381 4860 010000)
397 4765 424 4822 8.
452 4766 606 4825 orcnucruda
623 4765 649 4822 9.
797 4767 817 4836 ¹)
835 4765 877 4822 ito
895 4765 919 4823 1.
1108 4770 1130 4839 ³)
1148 4767 1192 4825 ito
1209 4767 1235 4824 3.
1255 4749 1351 4822 caroen⁸
1363 4769 1388 4826 2.

1110 4865 1127 4920 5
