3236 5242
239 221 290 333 lp
586 277 589 284 .
780 240 850 291 unx
878 238 1007 293 santos.

239 409 333 480 quibus
355 406 426 462 nulla
446 415 486 462 cst
504 407 633 479 quaestio,
657 406 760 462 stabiles
778 417 948 480 permancant.
986 407 1094 463 sivero
1114 407 1206 480 aliquis
1225 406 1268 463 alii
1285 424 1327 462 res
1346 423 1406 462 suas
1424 405 1550 462 tradiderit

239 515 264 561 ct
280 509 307 560 in
325 506 399 562 lnostc
417 505 547 578 proiectus
564 505 650 572 luerit,
669 513 695 560 ct
711 503 754 560 illc'
774 507 814 560 cui
830 524 872 560 res
891 506 997 562 traditae
1016 515 1077 561 sunt
1093 507 1195 562 interim
1213 514 1330 560 mortuus
1348 505 1434 573 fucrit,
1453 507 1497 578 qui
1513 524 1549 562 rcs

238 604 343 660 tradidit
365 623 422 660 cum
444 623 563 662 reversus
586 604 664 660 fucrit
687 603 806 660 adhibitis
829 605 939 676 ¹testibus
959 623 1043 662 coram
1062 605 1156 678 quibua
1174 604 1277 662 traditio
1296 603 1362 660 facta
1379 613 1420 660 cst
1437 621 1478 658 res
1497 622 1550 660 suas

163 706 167 716 ’
237 705 349 775 recipiat.
375 706 399 760 si
417 712 501 760 autem
520 713 546 760 et
562 705 618 777 ipse
634 711 752 760 mortuus
769 703 861 770 luerit,
879 704 986 767 heredes
1004 707 1060 761 cius
1077 703 1185 778 legitimi
1202 721 1245 760 res
1263 703 1369 760 traditas
1387 704 1514 776 rccipiunt

382 869 443 936 Vll.
478 869 522 936 Do
544 870 662 936 homine
685 873 736 960 qui
758 893 812 959 per
834 883 945 936 cartam
968 870 1133 937 libertatum
1157 882 1335 937 consecutus
1358 883 1412 936 cst.
1576 898 1584 936 s

327 1000 355 1058 δί
380 1003 438 1075 quis
460 1019 506 1075 pcr
530 1011 621 1058 cartam
641 1001 806 1076 ingenuitatis
825 1021 840 1056 a
858 1002 961 1058 domiuo
982 1019 1029 1058 suo
1048 985 1160 1076 legitime
1178 1001 1319 1058 libertatem
1339 1009 1378 1056 cst
1396 1007 1552 1065 consecutus,

237 1099 301 1156 liber
322 1108 475 1174 permaneat.
511 1102 540 1157 si
558 1121 619 1158 vcro
645 1100 738 1174 aliquis
762 1119 819 1156 eum
841 1103 935 1156 iniuste
952 1103 1076 1156 inservire
1092 1103 1253 1173 temptaverit
1267 1109 1296 1155 et
1312 1099 1357 1162 illc
1375 1107 1468 1154 canam
1486 1100 1552 1172 iugc-

238 1201 343 1254 nuitatis
362 1217 423 1256 suas
442 1199 582 1255 ostenderit
598 1209 624 1254 ct
641 1199 813 1256 adversarium
831 1218 859 1255 sc
876 1201 999 1255 inservire
1013 1199 1080 1256 velle
1098 1201 1299 1272 conprobavcrit,
1316 1199 1360 1254 illc
1376 1200 1421 1270 qui
1433 1198 1482 1252 hoc
1493 1206 1552 1252 tcm-

237 1300 319 1370 ptavit
340 1297 446 1353 multam
470 1316 533 1371 quac
556 1300 583 1354 in
607 1307 673 1354 carta
694 1298 819 1370 descripta
837 1307 878 1353 est
895 1297 996 1354 solvcrc
1014 1308 1128 1374 cogatur.
1164 1299 1193 1354 Si
1210 1315 1272 1354 uero
1292 1305 1359 1352 carta
1375 1315 1429 1352 non
1446 1298 1553 1368 paruerit

238 1397 284 1451 scd
301 1398 350 1452 iam
368 1397 398 1451 ab
416 1395 462 1451 illo
482 1399 526 1469 qui
545 1415 603 1452 cum
619 1399 743 1452 insuunt
760 1396 872 1453 volucrit
890 1396 995 1452 disfacta
1014 1405 1061 1464 cst,
1079 1396 1252 1470 widrigildum
1270 1397 1325 1452 cius
1338 1403 1474 1467 conponat,
1493 1393 1551 1448 duas
1565 1403 1585 1444 to

237 1503 320 1566 partcs
344 1495 383 1550 illi
405 1513 480 1567 quem
503 1497 627 1552 inscruirc
644 1495 770 1562 uoluerit,
792 1497 892 1552 tertiam
916 1498 979 1570 regi.
1008 1505 1033 1552 et
1053 1495 1097 1552 illc
1114 1499 1207 1552 iterum
1225 1513 1270 1568 par
1287 1502 1448 1567 praeceptum
1468 1491 1550 1565 [rogis]

236 1591 378 1650 libertatem
397 1609 470 1650 suam
487 1596 628 1667 conquirat.
1371 1585 1373 1598 '

450 1759 520 1826 Vlll.
555 1760 599 1828 De
622 1759 715 1828 libero
738 1760 857 1828 homino
880 1763 931 1850 qui
954 1783 985 1826 sc
1007 1761 1073 1828 loco
1099 1759 1188 1828 wadii
1210 1759 1342 1828 tradidit

325 1891 403 1946 Libcr
426 1892 470 1963 qui
494 1909 521 1946 sc
545 1891 602 1946 loro
620 1891 697 1946 wadii
719 1893 746 1945 in
768 1891 872 1946 alterius
886 1893 1189 1964 'potestatccommiscctc
1206 1892 1294 1964 ibiquc
1311 1893 1468 1946 constitutus
1487 1889 1551 1944 dam·

159 1989 162 1994 '
237 2007 298 2044 uum
321 1989 427 2062 aliquod
450 1990 553 2045 cuililnct
574 1990 674 2057 feccrit,
697 1991 742 2062 qui
763 2007 820 2045 eum
838 1990 968 2045 inlocum
985 1990 1062 2044 wadii
1081 1992 1193 2062 suscepit
1211 1979 1392 2046 aut'darnnum
1411 1988 1498 2048 solvat
1515 1997 1583 2042 autu

227 2088 364 2143 -ltominem
387 2089 414 2142 iu
435 2086 512 2142 mallo
535 2087 687 2159 productum
711 2088 838 2156 demittat,
862 2089 970 2161 perdens
993 2090 1070 2145 simul
1095 2089 1207 2144 deditum
1230 2097 1335 2160 proptcr
1352 2087 1428 2159 ‘quod
1453 2105 1512 2142 curn
1529 2089 1550 2140 in

236 2187 320 2241 wadio
344 2188 464 2258 suscepit.
494 2195 520 2241 ct
543 2189 587 2258 qui
605 2187 723 2242 damnum
741 2186 801 2242 iecit
823 2187 950 2243 demissus
974 2191 1045 2244 iuxta
1069 2188 1215 2260 qualitatem
1232 2189 1271 2243 rei
1289 2197 1395 2260 cogatur
1415 2185 1551 2241 emendare.

237 2288 260 2340 si
278 2303 339 2340 vcro
361 2285 466 2348 liberam
487 2283 606 2340 laminam
628 2285 757 2352 habuerit,
782 2304 865 2358 usquc
888 2286 948 2342 dum
971 2287 998 2342 iu
1020 2289 1113 2361 pignus
1138 2288 1250 2343 extiterit
1273 2293 1298 2342 ct
1319 2285 1388 2342 lilios
1413 2285 1551 2352 habuerint,

236 2381 309 2440 liberi
326 2391 495 2457 permaneant.
1007 2398 1014 2407 “

462 2547 526 2617 ἸΧ.
561 2549 606 2618 Do
623 2523 734 2619 vdabitis
756 2551 905 2641 rogalibus
930 2553 1055 2643 qualitor
1076 2553 1153 2620 solvi
1176 2552 1312 2621 debcant.
1561 2577 1580 2619 sc

325 2679 415 2738 Omnia
437 2682 521 2738 delita
544 2701 608 2756 quac
630 2683 662 2738 ad
684 2691 781 2756 partem
803 2686 871 2758 rogis
895 2684 996 2740 solvere
1020 2684 1113 2742 debent
1130 2683 1221 2740 suddit
1240 2684 1374 2740 duodecim
1394 2656 1549 2740 denariorum

238 2780 351 2849 solvant,
374 2780 478 2854 c'xccpto
500 2779 573 2837 freda
595 2798 659 2854 quac
682 2783 709 2837 in
730 2781 787 2857 lcgc
808 2773 892 2838 salica*
903 2783 996 2855 scripta
1014 2792 1083 2840 sunt.
1112 2781 1156 2839 illa
1175 2783 1263 2840 codem
1283 2783 1368 2839 solido
1387 2800 1440 2854 quo
1461 2790 1549 2837 ccterac

238 2882 429 2953 conposicionca
448 2880 515 2936 solui
534 2880 626 2937 debent
643 2890 826 2954 conponantur.

437 3046 478 3114 X.
513 3047 557 3114 Dc
580 3071 615 3114 co
639 3051 690 3138 qui
712 3070 829 3118 oausam
852 3047 1010 3116 iudicatam
1033 3062 1164 3138 rcpctcnc
1186 3029 1356 3144 praesumit.

325 3177 354 3233 st
373 3179 430 3250 quis
450 3195 550 3233 causam
567 3179 702 3235 iudicatam
721 3189 833 3254 repetere
850 3182 877 3234 in
895 3180 972 3235 mallo
990 3182 1190 3253 praesumpserit
1201 3181 1287 3252 ibique
1299 3181 1409 3236 testibus
1423 3176 1550 3234 convictus
1563 3189 1583 3233 tt

236 3275 321 3342 luerit,
340 3277 435 3333 aut15
453 3277 553 3334 solidos
572 3287 697 3351 conponat
715 3278 809 3335 aut15
828 3280 893 3334 ictus
912 3279 942 3334 ab
962 3279 1080 3347 scabinis,
1099 3281 1144 3352 qui
1163 3297 1262 3335 eausam
1280 3281 1352 3352 prius
1369 3279 1550 3345 iudicaverunt,
1615 3331 1616 3360 ζ

236 3377 347 3448 accipiat.
396 3427 399 3432 .

365 3541 416 3612 XI.
450 3541 494 3610 Dc
518 3566 552 3610 co
577 3546 680 3634 quiin
702 3546 901 3613 testimonium
924 3547 1084 3614 assumitur
1107 3545 1201 3635 qualis
1225 3569 1287 3614 csso
1302 3544 1427 3614 ,debeat

324 3674 418 3747 Optimi
442 3676 537 3747 quique
558 3677 585 3730 in
607 3694 672 3750 pago
691 3676 733 3732 vel
755 3678 855 3734 civitate
876 3679 904 3731 in
921 3679 1096 3734 testimonium
1115 3678 1294 3746 adsumantur,
1318 3685 1344 3734 ct
1361 3679 1402 3733 cui
1424 3679 1448 3733 is
1466 3684 1550 3733 eontra

236 3790 311 3844 quem
327 3775 502 3830 testimoniarc
520 3773 613 3830 dcbent
629 3773 729 3830 nullum
747 3777 840 3865 crimen
858 3777 942 3848 possit
958 3775 1077 3832 indicere.
1255 3779 1283 3806 ··
1519 3777 1521 3786 “
1563 3786 1582 3828 st

1614 3991 1615 4044 t

383 4063 421 4144 Iu
448 4064 748 4144 uomiucdomini
773 4067 941 4170 incipiunt
969 4065 1120 4170 capitula
1147 4065 1234 4169 legis
1262 4065 1399 4145 salicae.

537 4235 558 4304 1.
592 4235 636 4304 Dc
659 4237 789 4326 capitulo
811 4241 907 4327 primo
930 4238 962 4304 id
984 4252 1029 4304 cst
1050 4239 1087 4306 de
1110 4241 1249 4304 mannire.

322 4366 359 4425 llc
377 4365 426 4424 hoc
444 4368 554 4442 capitulo
572 4369 709 4424 iudicatum
728 4377 780 4437 cst,
801 4378 831 4424 ut
847 4369 892 4425 illc
910 4371 955 4444 qui
971 4371 1100 4425 mannitur
1117 4370 1226 4440 spatium
1244 4369 1409 4424 mannitionis
1428 4383 1488 4424 succ
1507 4379 1550 4440 per

129 4455 137 4468 ⁵
233 4463 270 4524 l0
287 4477 375 4524 noctes
393 4468 490 4524 habeat.
517 4467 552 4520 Et
569 4469 592 4521 si
610 4485 694 4523 comcs
711 4467 778 4522 inira
796 4451 995 4540 supradictarum
1013 4469 1126 4524 noctium
1143 4485 1276 4523 numerum
1294 4467 1485 4522 mallumsuum
1498 4485 1549 4521 non

233 4567 357 4636 habuerit,
375 4569 459 4639 ipsum
478 4565 587 4640 spatium
604 4581 687 4640 usque
705 4567 737 4622 ad
754 4565 859 4623 mallum
878 4568 976 4624 comitis
995 4566 1152 4634 extendatur,
1171 4575 1196 4621 et
1215 4565 1305 4622 deindo
1318 4567 1392 4622 detur
1404 4569 1426 4622 ei
1440 4568 1547 4640 spatium
1563 4569 1585 4609 ³⁵

165 4703 169 4710 ·
235 4667 267 4722 ad
283 4673 427 4738 respectum
445 4663 475 4722 ad
495 4665 590 4740 septem
608 4674 705 4723 noctes.
733 4659 791 4724 inda
809 4681 862 4726 non
878 4667 991 4725 noctium
1010 4669 1102 4742 spatia,
1124 4666 1169 4725 sed
1187 4668 1320 4740 proximos
1338 4665 1430 4724 mallus
1449 4667 1547 4722 comitis

235 4767 258 4821 ci
276 4765 435 4822 concedatur.
