3210 5244
246 227 296 304 28
782 247 851 302 unx
880 245 1007 300 611161.

245 436 275 488 61
301 445 353 488 666
376 425 477 487 sunnis
499 443 560 487 non
583 424 723 498 tenuerit,
752 419 841 486 malb.
865 415 1089 486 nuidridarchi¹
1110 422 1168 486 hoc
1190 433 1236 487 est
1258 419 1323 488 600
1345 419 1475 496 dinarios
1498 429 1540 512 661

164 573 167 584 ·
244 537 356 604 iaciunt
377 538 489 604 solidos
513 537 554 604 15
579 541 703 626 6616666
724 533 841 619 illorum
864 525 1019 623 culpabilis
1041 537 1196 604 iudicetur.
1234 537 1269 604 Si
1289 559 1362 604 vero
1385 553 1540 625 praesentes

167 661 226 719 215.
244 653 353 720 luerint
372 657 403 719 in
425 657 624 721 testimonium
646 655 745 718 vocati
768 665 798 717 et
818 653 968 718 noluerint
988 655 1078 718 iurati
1100 653 1195 720 dicere
1217 677 1251 719 ea
1275 675 1349 741 6666
1372 657 1505 720 noverint
1518 670 1542 721 et

148 777 226 838 ‘³27.
244 770 401 838 forbanniti
423 770 540 849 fuerint,
564 767 630 836 600
653 768 783 836 11666166
806 772 858 858 661
879 767 990 834 iaciunt
1011 767 1541 859 solidos15'eulpabilisiudicetm.

658 953 664 965 “
703 959 739 1036 6.
779 958 833 1036 116
859 957 947 1034 fides
974 957 1096 1036 factas.
1559 997 1570 1035 s

333 1118 362 1185 1.
393 1119 426 1186 Si
455 1123 520 1208 quis
548 1123 693 1208 ingennus
719 1131 772 1184 aut
792 1119 869 1184 letus
892 1120 975 1194 alteri
996 1119 1084 1184 fidem
1106 1117 1223 1196 iecerit,
1251 1132 1322 1186 tunc
1344 1121 1392 1186 ille
1415 1122 1461 1186 cui
1480 1121 1546 1186 fides

245 1238 322 1303 lacta
344 1249 389 1302 est
410 1241 440 1302 iu
462 1235 507 1302 40
528 1249 630 1301 666166
653 1247 705 1301 661
727 1235 877 1323 quomodo
899 1235 1040 1323 placitum
1061 1236 1162 1302 iecerit
1184 1235 1303 1324 666616
1325 1237 1414 1302 fidem
1435 1237 1547 1302 1661161

230 1326 364 1420 'domum
387 1355 463 1418 illins
487 1355 538 1441 661
560 1352 646 1417 iidem
669 1350 739 1417 feeit
760 1375 827 1417 eum
849 1351 975 1418 testibus
998 1352 1046 1417 vel
1068 1373 1134 1418 cum
1156 1353 1213 1418 illis
1236 1355 1288 1441 661
1303 1356 1434 1440 precium
1451 1351 1546 1441 adpre·

246 1473 321 1536 61666
344 1469 451 1536 166661
471 1471 572 1535 venire
595 1467 691 1534 debet.
723 1473 799 1534 etsi
822 1471 848 1534 ei
871 1469 999 1534 noluerit
1019 1467 1117 1534 fidem
1131 1468 1208 1535 facta
1230 1470 1359 1547 solvere,
1382 1469 1470 1538 malb.
1487 1467 1545 1534 tha-

245 1581 402 1651 1666616666ι
429 1586 487 1651 666
515 1597 560 1651 661
587 1585 716 1650 dinarios
740 1582 804 1651 600
828 1588 879 1673 661
901 1583 1013 1650 faciunt
1034 1585 1146 1672 solidos
1172 1584 1211 1652 15
1235 1586 1389 1674 6616661116
1409 1586 1577 1653 indiceturro

165 1713 225 1771 328.
244 1725 333 1790 super
355 1702 487 1768 debitum
510 1702 591 1790 quod
613 1701 700 1766 fidem
722 1701 839 1767 fecerat.
874 1699 908 1766 si
924 1701 1020 1766 adhuc
1034 1703 1163 1768 noluerit
1178 1725 1345 1791 conponere
1361 1702 1443 1791 6661
1457 1702 1544 1780 debet,

244 1817 282 1882 ad
304 1819 421 1882 mallum
444 1841 509 1884 eum
531 1821 661 1883 mannire
679 1817 767 1883 debet
781 1831 811 1882 et
826 1819 868 1883 sic
882 1821 964 1884 nexti
980 1813 1181 1884 canthichins¹
1195 1820 1312 1884 moliare
1327 1817 1429 1884 debet:
1459 1842 1544 1908 »rogo

243 1947 272 2000 te
300 1935 442 2022 thurgine
467 1948 502 2000 nt
523 1938 605 2000 nexti
629 1934 813 2000 canthichius
835 1928 977 2024 gasacio⁸
998 1955 1063 2000 meo
1086 1935 1138 2000 illo
1160 1939 1212 2024 661
1234 1935 1305 2000 mihi
1327 1935 1414 2002 fidem
1430 1935 1503 2002 iecit
1521 1949 1545 2000 et

146 2059 225 2121 ⁰138.
244 2049 400 2117 debitum*
428 2051 793 2134 16661,«,61,666(16666
820 2049 908 2116 16661
930 2051 1015 2140 66616
1038 2050 1169 2118 debitum
1192 2052 1298 2118 debeat
1318 2052 1398 2118 unde
1420 2055 1447 2117 61
1467 2051 1544 2118 fidem

243 2165 360 2234 lecerat.
406 2167 492 2234 Tunc
513 2169 675 2257 thuuginus
698 2167 795 2234 dicere
818 2167 920 2234 debet:
950 2170 1055 2248 »nenti
1077 2165 1240 2236 6616116616ι
1262 2192 1317 2258 ego
1340 2170 1421 2242 illum
1443 2173 1474 2234 in
1494 2169 1543 2234 hoe
1556 2197 1572 2237 n

145 2285 325 2373 6166661
353 2286 402 2350 lex
424 2287 511 2351 salica
538 2285 661 2352 hahet«
712 2285 798 2350 Tunc
827 2287 891 2373 ipse
921 2287 969 2354 eui
994 2284 1067 2350 fides
1089 2286 1167 2352 facta
1189 2299 1234 2352 est
1257 2299 1362 2352 testare
1385 2283 1499 2352 debet*
1518 2299 1546 2350 ut

242 2402 315 2466 nulli
343 2402 426 2467 alteri
453 2424 507 2467 nec
536 2403 633 2468 solvat
659 2425 713 2468 nec
740 2404 848 2489 pignus
878 2402 969 2467 donet
996 2403 1156 2468 solucionis
1186 2405 1243 2468 nisi
1272 2415 1338 2470 ante
1368 2401 1416 2468 ille
1438 2403 1545 2490 impleat

244 2517 326 2606 quod
354 2521 380 2582 ei
406 2517 493 2584 fidem
521 2517 598 2584 iecit.
628 2531 657 2584 et
683 2517 855 2584 festinanter
882 2514 944 2599 [illa
966 2509 1013 2583 116
1036 2531 1191 2607 antequam
1215 2519 1260 2584 sol
1283 2516 1417 2602 collocet]
1442 2517 1480 2584 ad
1501 2518 1543 2582 do

99 2706 106 2717 ,
156 2711 159 2716 ¹
242 2657 321 2699 mum
349 2635 426 2700 illins
456 2637 506 2724 qui
535 2637 561 2700 ei
588 2633 675 2700 fidem
702 2634 772 2700 iecit
799 2657 865 2700 cum
892 2633 1018 2700 16611666
1047 2634 1195 2701 ambulare
1224 2635 1311 2702 debet
1339 2648 1369 2700 et
1392 2657 1499 2724 rogare
1517 2648 1544 2700 nt

244 2751 374 2817 debitum
396 2773 483 2818 suum
505 2751 619 2818 solvere
641 2750 772 2818 debeat·
795 2751 829 2817 Si
852 2750 949 2817 adhuc
970 2751 1099 2818 noluerit
1116 2753 1246 2830 solvere,
1269 2752 1360 2818 solem
1378 2754 1404 2818 61
1421 2753 1540 2820 collocet
1553 2781 1570 2821 o

243 2882 273 2934 et
299 2882 370 2934 tunc
398 2873 424 2934 si
451 2870 543 2934 solem
570 2869 772 2945 collocaverit,
804 2865 867 2933 120
897 2866 1027 2934 dinarios
1055 2871 1106 2957 661
1135 2867 1247 2934 1661661
1274 2869 1385 2935 6611166
1414 2868 1435 2934 3
1466 2891 1542 2956 snper

163 2994 223 3056 216.
242 2989 423 3073 superiorem
449 2985 580 3052 debitum
603 2985 699 3052 adhuc
721 2985 827 3052 solvat.
857 2984 937 3050 istud
960 3007 1055 3074 usque
1077 2985 1116 3052 ed
1137 2998 1196 3052 tres
1219 2989 1299 3052 vices
1320 3009 1375 3074 per
1397 2999 1458 3052 tres
1479 3007 1542 3050 non·
1603 2983 1604 3055 l

243 3101 326 3167 dinas
348 3102 443 3168 iacere
466 3103 562 3169 dehet.
586 3117 616 3168 et
637 3107 662 3169 si
683 3126 738 3192 per
759 3117 819 3168 tres
840 3105 899 3168 ista
915 3104 1012 3166 omnia
1026 3100 1106 3168 sacta
1119 3103 1247 3168 noluerit
1263 3102 1360 3169 adhuc
1375 3125 1541 3191 conponere,

241 3239 336 3305 usqne
358 3218 397 3282 ad
419 3217 483 3285 360
506 3219 635 3286 dinarios
658 3221 716 3286 hoc
740 3232 785 3286 est
805 3217 916 3284 solidos
938 3241 1046 3283 novem
1070 3218 1243 3297 adscendat‚
1266 3220 1297 3285 11
1315 3233 1360 3286 661
1375 3234 1411 3286 61
1426 3243 1480 3308 per
1493 3223 1542 3284 sin·
1602 3285 1603 3308 p

242 3334 325 3424 gulas
348 3335 564 3402 admoniciones
586 3338 634 3403 vel
656 3335 694 3402 ad
716 3336 807 3402 solem
830 3336 1004 3410 collocatum
1025 3339 1101 3401 terni
1124 3335 1211 3402 solidi
1234 3359 1323 3425 super
1345 3336 1477 3403 debitum
1499 3335 1569 3404 adn

113 3462 118 3470 '
164 3461 223 3526 139.
242 3465 380 3518 crescant.
449 3453 479 3519 2.
509 3452 542 3519 Si
570 3457 636 3545 quis
665 3453 703 3520 ad
730 3455 870 3542 placitum
892 3454 1018 3544 legitime
1040 3453 1128 3519 fidem
1149 3454 1255 3520 laetam
1278 3455 1407 3521 noluerit
1428 3456 1539 3532 solvere,

240 3582 312 3634 1666
341 3569 388 3635 106
416 3572 463 3634 661
485 3569 557 3636 fides
578 3571 656 3637 saeta
678 3584 722 3637 est
744 3556 873 3638 ambulet
894 3570 932 3637 ad
953 3571 1111 3661 gradonem
1134 3570 1192 3636 loci
1213 3572 1291 3636 illius
1313 3574 1344 3636 in
1366 3575 1451 3638 cuius
1472 3593 1540 3660 pago

241 3701 337 3756 manet
360 3699 389 3754 et
411 3685 611 3775 adprehendat
632 3687 766 3754 fistucam
789 3703 818 3755 et
841 3687 920 3755 dieat
941 3688 1079 3754 verbum:
1109 3699 1169 3760 »tu
1187 3689 1289 3776 grafio,
1313 3689 1403 3755 homo
1418 3689 1467 3755 ille
1480 3689 1540 3754 mihi

240 3941 337 4000 XLIX.
370 3941 389 4013 Ι)
406 3941 448 3999 116
467 3939 491 3998 1.
921 3941 947 4000 2.
972 3944 1107 4016 uestiganti
1119 3942 1159 3998 616
1172 3945 1267 4017 segatio
1280 3941 1306 4000 3.
1328 3945 1465 4020 instigante
1478 3946 1540 4000 cuius

240 4035 270 4088 L.
304 4034 323 4104 ¹)
341 4032 384 4088 116
402 4032 426 4089 1.
454 4033 503 4088 666
522 4032 605 4087 claram
623 4031 685 4085 mito
703 4029 729 4087 2.
922 4035 1056 4088 casatium
1067 4032 1093 4088 1.
1112 4031 1201 4088 'restio
1214 4037 1358 4107 gestatione
1370 4033 1395 4090 5.
1422 4039 1540 4109 6661166(-
1600 4035 1601 4102 ᾗ

280 4123 300 4194 ⁸)
318 4121 396 4178 1161.
420 4125 456 4177 sic
468 4125 537 4178 nexti
549 4125 681 4197 cantigyus
694 4121 719 4176 2.
742 4121 869 4178 sicnesti-
920 4126 957 4178 tio
977 4124 1113 4178 cassabone
1130 4121 1156 4179 6.
1187 4127 1328 4197 uestigante
1348 4128 1505 4198 gasatiouum
1520 4122 1539 4176 1.
1600 4105 1601 4132 ¹

241 4215 310 4287 ganti
333 4213 409 4268 61666
433 4211 458 4268 3.
493 4213 673 4268 sieticantidios
695 4210 721 4265 1.
753 4214 790 4266 616
813 4231 868 4266 cum
920 4216 1061 4286 uestigante
1079 4215 1233 4286 gasationem
1251 4212 1277 4269 8.
1303 4217 1446 4287 uestigantc
1462 4231 1538 4288 gessa·

241 4305 381 4375 uestigantc
398 4301 423 4357 5.
456 4303 479 4356 61
502 4321 556 4356 cum
577 4303 717 4376 uestigante
735 4299 760 4356 6.
790 4304 868 4356 nesti·
921 4306 1019 4359 cionem
1037 4301 1062 4357 9.
1089 4321 1121 4357 66
1138 4303 1256 4375 iatigante
1273 4303 1405 4377 gassacltio
1425 4303 1467 4360 10.

231 4399 234 4404 '
241 4402 316 4466 gente
333 4395 409 4448 huius
427 4393 464 4447 rei
477 4387 502 4446 7.
513 4387 539 4445 8.
565 4399 711 4462 nestegantc
723 4393 781 4446 uiue
793 4393 831 4446 rei
841 4389 867 4446 9.
958 4395 979 4464 ⁴)
1003 4391 1086 4448 lectio
1111 4408 1131 4447 6
1153 4389 1276 4448 Waicto
1299 4393 1439 4450 6661116616.
1473 4401 1537 4448 nextc

241 4483 377 4556 nertiga'etio
401 4483 437 4536 ric
461 4478 503 4535 10.
535 4477 565 4534 in
586 4477 867 4555 66661.1661666[66-
920 4481 1064 4556 ganthichio
1084 4478 1108 4536 1.
1135 4484 1341 4556 nextieautigium
1358 4483 1384 4539 2.
1407 4487 1537 4556 nestigmte

240 4579 336 4629 mutue
354 4568 441 4627 (16661.
920 4569 946 4626 3.
964 4571 1099 4646 instigante
1110 4569 1141 4638 d.
1160 4569 1184 4627 7.
1202 4569 1228 4627 8.
1251 4575 1403 4648 uestigantio
1422 4573 1446 4628 5.
1469 4573 1536 4628 nesti-

279 4665 300 4732 ¹)
316 4658 402 4718 lectio
415 4677 434 4717 6
448 4657 868 4720 117611116666111616.66611666-
920 4663 988 4734 gatio
1001 4659 1026 4715 6.
1044 4663 1194 4736 inestigante
1206 4661 1231 4716 9.
1249 4665 1401 4740 uestigantic
1412 4664 1453 4722 10.
1470 4662 1534 4720 mello

242 4753 342 4820 thiehus
360 4755 459 4830 garario
474 4751 497 4816 1.
515 4753 585 4813 nexti
598 4755 729 4832 cantigytu
741 4755 868 4833 ganarium
922 4749 1005 4811 codd.
1024 4749 1098 4832 16616
1111 4750 1296 4827 reformatae.
