3236 5242
467 247 633 300 cartutttl
661 244 934 300 txxxu-xcvr.

320 479 397 548 XCI.
433 481 477 546 Do
499 481 605 548 liberto
630 486 682 571 qui
706 482 799 548 aliana
821 481 926 548 liberta
949 481 1088 568 rapuerit.

139 610 242 682 Siquis
265 608 373 666 libertus
396 610 513 668 libertam
536 613 643 670 alienam
665 615 789 688 rapuerit,
812 611 865 668 800
889 613 1006 668 denarios
1031 613 1075 683 qui
1097 609 1191 666 iaciunt
1209 609 1307 664 solidos
1326 608 1361 666 20

67 707 177 781 culpabilia
199 709 334 788 iudicetur.
359 717 444 781 preter
461 711 600 784 graphione
618 712 718 768 solidos
739 710 773 766 10
790 711 875 766 solvat
893 719 918 766 et
935 709 1027 766 mulier
1045 708 1077 766 ad
1095 717 1245 782 potestatem
1264 707 1360 764 domini

66 811 97 864 soi
111 816 251 864 revertatur.
288 808 317 863 Si
334 809 469 882 ingenuam
486 812 612 882 rapuerit,
631 812 733 866 devita
751 828 798 866 sua
816 819 949 885 conponat.

45 1014 54 1051 ⁵
202 993 302 1070 XCll.
343 993 395 1070 De
423 1019 466 1071 eo
494 996 556 1096 qui
582 995 731 1073 alterum
757 995 974 1097 inputaverit
999 993 1208 1094 periurasse.

134 1149 165 1220 Si
193 1157 258 1244 quis
288 1155 410 1220 alterum
439 1157 634 1244 inculpaverit
661 1160 829 1248 periurasse
852 1171 882 1224 et
905 1159 931 1222 ei
953 1157 1085 1243 potuerit
1106 1153 1287 1242 adprobare,
1320 1147 1359 1217 15
1379 1161 1438 1224 213.

63 1269 155 1336 solidos
176 1285 327 1359 conponat
350 1275 400 1372 qui
422 1276 564 1362 periurat.
595 1276 621 1340 si
644 1287 741 1342 umen
763 1298 824 1340 nou
841 1277 974 1363 potuerit
987 1272 1164 1362 adprobare,
1189 1273 1237 1336 oui
1253 1267 1360 1336 crimen

62 1384 151 1453 dixerit
175 1388 287 1454 solidos
312 1386 352 1454 15
376 1389 474 1456 solvat
497 1404 522 1451 et
539 1404 628 1468 postea
646 1399 669 1452 si
687 1415 766 1453 ausus
784 1397 862 1452 tuerit
879 1403 983 1470 pugnet.
1416 1381 1422 1390 ⁶

204 1565 304 1634 xdfll.
332 1531 383 1634 *De
407 1593 441 1636 eo
466 1573 517 1659 qui
541 1569 577 1637 de
600 1569 674 1638 salso
698 1573 866 1640 testimonio
889 1569 980 1636 luerit
1002 1568 1194 1658 adprobatus.

33 1703 50 1745 lt
132 1698 158 1754 Si
176 1701 221 1772 qui
240 1699 299 1756 falsi
317 1708 395 1756 testes
413 1701 492 1758 fuerit
509 1701 649 1774 adprobati,
669 1704 762 1776 quinos
782 1703 857 1757 dinoa
876 1687 975 1756 solidos
987 1700 1083 1756 multos
1096 1702 1228 1756 sustineat.
1256 1699 1285 1756 si
1297 1713 1358 1756 vero

61 1797 88 1850 eis
106 1797 267 1870 inculpaverit
289 1799 361 1870 quod
384 1798 478 1872 falsupn
500 1801 676 1856 testimonium
700 1799 843 1866 dedissent,
867 1817 970 1855 manum
994 1817 1065 1856 auam
1085 1801 1112 1852 in
1129 1801 1216 1854 ineum
1233 1801 1317 1854 mittat
1335 1807 1360 1853 et

60 1895 111 1948 sicut
131 1913 189 1952 sana
212 1896 300 1952 tulerit
318 1899 385 1952 sicut
402 1899 520 1970 superius
540 1899 650 1955 dixImua
670 1899 748 1956 simili
765 1898 845 1954 multa
863 1901 1012 1956 sustineant
1042 1900 1064 1953 si
1082 1903 1268 1954 carlomanum
1287 1913 1359 1952 suana

60 1994 174 2063 orbaret,
193 1994 228 2050 15
248 1995 346 2051 solidos
366 1997 485 2053 damnum
504 1993 637 2054 s'uetineat.

112 2162 230 2240 XCIV.
272 2164 325 2240 Do
352 2189 394 2240 eo
424 2166 486 2266 qui
513 2165 663 2242 alienam
689 2165 871 2242 mulierem
897 2166 985 2242 vivo
1013 2164 1139 2240 marito
1166 2163 1293 2240 tulerit.

30 2329 47 2370 ¹⁵
128 2313 159 2380 Si
182 2318 250 2404 quis
272 2337 397 2381 uxorem
421 2318 543 2384 alienam
564 2320 666 2384 tulerit
680 2322 750 2384 vivo
766 2320 882 2395 marito,
906 2315 963 2382 roal
966 2364 1040 2383 .....
1065 2328 1135 2382 suut
1150 2313 1255 2380 dinarii
1271 2311 1358 2381 8000

59 2431 96 2516 qui
116 2429 226 2500 laoiuut
248 2431 359 2518 solidos
384 2431 448 2501 200
471 2436 626 2526 culpabilis
649 2435 805 2504 iudicetur.

651 2760 747 2831 XCV.

124 2889 148 2947 1.
168 2891 199 2949 Si
212 2891 312 2948 Salicue
326 2891 437 2948 Salicum
454 2895 602 2950 castraverit
614 2901 639 2949 et
651 2896 674 2950 ei
686 2894 764 2950 fuerit
776 2890 950 2966 adprobatum,
968 2889 1021 2949 200
1034 2892 1133 2948 solidos
1146 2889 1278 2966 culpabilia
1290 2889 1357 2949 ludia

63 2993 109 3042 tetur
130 2999 238 3064 excepto
262 2992 429 3046 medicaturas
455 2991 554 3047 solidos
572 2992 598 3048 9.
652 2992 677 3048 2.
703 2993 809 3064 Siquis
829 2994 1013 3048 antmstionem
1032 2995 1179 3047 castraverit
1197 3001 1222 3048 et
1240 2995 1262 3048 ei
1280 2993 1359 3048 fuerit

33 3085 51 3124 ²⁰
62 3084 214 3156 atrabatum,
232 3089 285 3144 600
304 3090 403 3146 solidos
422 3091 554 3163 culpabilis
571 3092 698 3164 iudicetur
716 3100 820 3163 excepto
838 3092 1005 3147 medicaturas
1023 3089 1122 3146 solidos
1137 3089 1162 3146 9.
1206 3089 1232 3146 3.
1252 3091 1280 3146 Si
1300 3094 1357 3163 quis

58 3182 169 3255 iugenuam
187 3190 307 3244 feminam
326 3207 340 3244 a
358 3189 523 3258 contubernio
542 3189 609 3246 laeto
629 3199 673 3245 aut
690 3189 800 3262 puellam
818 3192 845 3245 in
861 3193 951 3246 itinere
964 3199 1008 3245 aut
1020 3189 1135 3262 quolibet
1146 3189 1204 3244 loeo
1218 3189 1357 3258 [adsalierit

54 3289 72 3334 tt
85 3288 130 3340 vim
151 3287 203 3358 illi]
228 3287 321 3343 inferre
345 3291 556 3360 praesumpserit,
580 3307 656 3362 quam
680 3307 748 3344 unua
766 3297 818 3345 tam
836 3289 939 3362 plurimi
958 3290 1001 3362 qui
1019 3291 1103 3361 ipsum
1121 3288 1205 3344 scelos
1223 3288 1357 3343 admisisse

52 3377 114 3437 luerit
130 3386 287 3458 adprobatus
305 3383 358 3442 200
377 3385 474 3442 solidos
494 3385 626 3459 culpabilis
644 3387 779 3444 iudicetur.
813 3389 850 3443 De
869 3387 914 3442 illo
934 3387 1098 3443 contubernio
1119 3389 1140 3442 si
1159 3387 1240 3442 adhuc
1258 3403 1356 3441 reman-

51 3483 100 3534 serit
122 3487 165 3557 qui
190 3487 275 3558 ipsum
301 3484 384 3540 scelus
408 3503 460 3540 non
483 3485 614 3542 admiserit
633 3493 658 3542 et
675 3487 710 3541 ibl
729 3487 810 3543 fuisse
828 3463 982 3558 noscuntur,
1007 3489 1029 3541 si
1047 3487 1133 3559 plures
1153 3487 1282 3542 admiserit
1300 3493 1326 3542 et
1343 3503 1357 3540 a

22 3577 38 3620 ²⁵
50 3580 133 3639 minore
150 3600 259 3641 numero
277 3583 355 3640 fuerit
374 3583 470 3657 [quernj
489 3593 554 3642 tres:
575 3587 666 3658 stipsi
685 3585 862 3661 quadragenus
882 3585 974 3658 quinos
985 3585 1093 3642 solidos
1111 3585 1220 3643 solvant
1238 3613 1241 3618 ¹

392 3749 497 3819 XOVl.
532 3750 577 3819 Da
600 3745 808 3863 antrustione¹
829 3753 978 3844 ghamalta
991 3748 1011 3820 ³.

123 3881 147 3938 1.
177 3881 208 3938 Si
229 3882 412 3938 antrustionem
437 3885 562 3939 antrmtio
583 3883 614 3940 de
633 3903 791 3959 quacumque
810 3903 885 3941 eausa
903 3881 1038 3941 admallare
1055 3881 1179 3949 voluerit,
1203 3871 1357 3959 ubicumque

47 3991 94 4032 cun
110 3981 227 4037 invenire
244 3985 357 4054 potnerit
374 3997 451 4054 super
468 3991 556 4038 noctes
576 3993 673 4057 septem
689 4003 747 4040 eum
760 4001 816 4040 cum
829 3983 939 4040 testibus
951 4000 1042 4057 rogare
1054 3981 1129 4036 debet
1140 3989 1170 4035 ut
1181 3989 1238 4035 ante
1249 3981 1357 4036 iudicem

46 4075 71 4128 ad
91 4079 245 4154 mallebergo
271 4081 302 4136 de
326 4097 400 4136 rausa
424 4095 488 4154 quae
509 4081 640 4153 inputatur
660 4101 690 4139 ex
709 4084 758 4138 hoc
776 4073 900 4156 responso
920 4083 978 4137 dare
998 4079 1086 4136 debeat
1102 4078 1145 4134 val
1163 4083 1305 4137 convenire.
1333 4089 1358 4135 et
1564 4130 1573 4157 ,ι

15 4175 74 4228 tacis
92 4179 112 4231 si
130 4179 227 4234 ibidem
245 4197 297 4233 non
317 4182 463 4235 convenerit
480 4188 524 4234 aut
542 4189 607 4235 certe
626 4181 649 4235 si
667 4183 753 4235 venire
773 4179 902 4236 distulerit
920 4181 964 4252 qui
981 4175 1066 4251 ip'sum
1084 4179 1230 4234 admallavit
1246 4181 1281 4234 ibi
1299 4197 1356 4235 eum
1564 4160 1573 4263 1

44 4271 190 4331 solisacire⁸
211 4277 285 4332 debet
309 4288 334 4334 et
356 4279 415 4334 inde
438 4287 527 4351 postea
549 4279 667 4334 iteratum
685 4287 740 4334 tres
756 4281 824 4334 vices
844 4279 875 4333 ad
894 4285 980 4333 noctes
1001 4276 1034 4332 ld
1052 4295 1109 4333 eum
1127 4296 1218 4351 rogare
1237 4279 1311 4333 dehet
1327 4287 1357 4332 ut
1564 4276 1573 4357 i¹

42 4370 73 4456 ad
84 4373 128 4456 illo
148 4375 305 4450 mallebergo
324 4376 477 4450 respondere
496 4386 539 4434 aut
557 4379 690 4434 convenire
707 4378 752 4432 ubl
771 4379 943 4433 antrustiones
963 4375 1074 4432 simithlo
1092 4377 1213 4433 redebent
1221 4381 1239 4432 ⁴.
1266 4378 1300 4432 Et
1313 4377 1356 4448 qui
1566 4368 1590 4461 1

810 4485 812 4489 ’
1564 4478 1573 4547 1

1567 4566 1574 4675 l

9 4621 10 4628 ι
40 4582 125 4644 XCVI.
152 4592 173 4662 ¹)
186 4589 229 4647 e'ta
243 4590 284 4648 11.
304 4596 430 4650 autrusrio
444 4591 469 4651 1.
484 4595 611 4653 autruaalo
625 4593 667 4666 10‚
759 4595 780 4666 ⁸)
802 4593 846 4650 s'eo
865 4592 907 4649 11.
935 4589 992 4648 sole
1010 4591 1089 4647 latere
1107 4591 1130 4647 1.
1160 4592 1277 4650 solsatire
1297 4589 1340 4646 10.

40 4677 158 4737 scatere
178 4679 276 4739 tolettt·
304 4691 310 4700 “
759 4685 780 4755 ⁴)
799 4683 843 4740 lta
859 4680 979 4740 restitui.
999 4685 1021 4737 si
1038 4682 1129 4736 mithio
1145 4682 1253 4737 reddant
1266 4680 1290 4734 1.
1309 4683 1357 4734 mi·

71 4771 90 4838 ¹)
108 4769 152 4828 e'ta
173 4779 201 4830 et
218 4789 293 4830 corr.
312 4771 432 4848 ghimalta
450 4769 492 4833 11.
722 4771 778 4830 thiu
795 4792 823 4830 re
842 4773 934 4831 debent
951 4787 1026 4830 corr.
1046 4769 1112 4826 mitti
1130 4773 1185 4826 iore
1204 4771 1296 4826 debent
1316 4768 1357 4827 ll·

1131 4868 1148 4922 6
