3210 5244
528 199 657 300 ruerus
686 233 919 303 xnrtr-xnrt.
1116 243 1120 253 ¹
1325 205 1375 294 25

85 443 135 486 nen
155 417 254 497 fuerit,
283 417 458 485 consobrine
480 418 557 486 filius
581 422 632 508 qui
653 437 693 486 'ex
714 431 845 519 materno
868 435 990 526 genere
996 414 1077 478 venit
1089 412 1145 478 'ille
1169 407 1219 478 ecs
1240 413 1374 498 accipiat.

84 541 104 602 si
128 557 193 604 rerc
220 557 272 604 nec
302 535 477 604 consobrine
504 537 581 604 fidius
609 536 711 616 fuerit,
741 549 812 602 tunc
841 531 1002 600 avunculus
1031 529 1121 596 frater
1149 532 1249 596 matris
1275 531 1375 615 reipus
1424 573 1427 582 .

83 657 200 742 accipiat.
231 656 256 720 si
279 677 350 734 vero
372 675 426 720 nec
450 653 612 720 avunculus
635 653 738 731 fuerit,
766 665 837 719 tnnc
858 650 949 719 frater
969 649 1046 716 illius
1070 639 1122 737 qni
1144 670 1209 714 eam
1227 647 1375 712 mulierem

83 783 140 836 ante
157 770 263 850 ¹habuit
285 773 310 836 si
333 774 363 836 in
385 771 575 838 hereditatem
597 793 658 836 nnn
681 783 725 836 est
746 781 888 834 venturus
910 770 974 855 ipse
996 769 1097 854 reipns
1119 766 1251 852 accipiat.
1275 765 1300 828 si
1322 783 1376 828 nec
1394 759 1455 820 2³5·

61 889 134 974 ripae
161 886 248 954 irater
277 886 380 967 suerit,
412 892 462 976 qui
489 890 654 976 proximior
680 886 769 952 fuerit
791 899 874 952 extra
896 886 1032 972 superius
1055 884 1222 948 nominatos
1245 871 1296 969 qni
1318 882 1377 944 sin-

82 1003 188 1091 gulatim
210 1004 370 1072 secundum
392 1006 546 1092 parentilla
568 1005 639 1072 dicti
661 1017 731 1070 sunt
752 1025 847 1091 usque
869 1000 908 1098 ad
930 1015 1014 1068 sexto
1031 999 1187 1089 genuculo,
1200 1001 1236 1094 si
1250 1001 1279 1061 in
1294 997 1378 1064 hers·

83 1119 201 1186 ditatem
213 1121 291 1188 illins
320 1123 419 1187 mariti
447 1121 576 1190 defuncti
602 1143 663 1186 ncn
691 1119 824 1198 accedat,
853 1122 916 1208 ipse
944 1121 1045 1208 reipus
1067 1119 1201 1205 accipiat.
1230 1117 1288 1180 iam
1310 1125 1379 1201 post

83 1249 152 1302 serto
174 1238 367 1326 genuculo
343 1262 369 1304 ιι
390 1259 452 1304 non
473 1239 647 1320 tutricem
668 1238 739 1356 fisco
763 1240 862 1326 reipus
880 1239 949 1326 ipse
971 1236 1019 1303 rel
1034 1257 1123 1302 causa
1139 1253 1214 1323 quae
1228 1231 1297 1298 inde
1314 1242 1380 1296 orta

84 1351 155 1420 inerit
176 1355 340 1444 colligetur.

53 1573 69 1614 ιι
363 1501 367 1510 .
493 1545 598 1624 XLV.
637 1543 691 1623 De
717 1541 976 1658 migrantibus·

156 1703 183 1772 1.
213 1703 248 1772 si
278 1707 344 1795 quis
367 1727 457 1796 snper
479 1708 602 1774 alterurn
625 1709 655 1772 in
677 1707 747 1772 villa
770 1709 897 1794 migrare
919 1703 1048 1772 voluerit
1070 1715 1099 1770 et
1120 1721 1197 1768 nnus
1220 1701 1268 1768 vel
1286 1698 1380 1788 ‘aliqui
1448 1784 1452 1792 μ

80 1818 195 1910 deipsis
219 1826 271 1911 qui
293 1826 323 1889 in
347 1825 416 1890 villa
439 1805 604 1890 consistunt
626 1846 693 1890 eum
715 1827 864 1912 suscipere
882 1822 1022 1899 voluerit,
1048 1823 1072 1886 si
1089 1820 1137 1886 vel
1151 1841 1228 1884 nnus
1244 1820 1381 1884 exteterit

80 1942 122 2026 qni
147 1938 344 2018 contradicat,
376 1942 521 2030 migrandi
547 1939 656 2008 ibidem
683 1942 829 2008 licentiam
856 1961 917 2004 non
946 1937 1077 2004 habebit.
1125 1933 1158 2003 Si
1182 1957 1251 2000 vero
1278 1946 1381 2010 contra

80 2053 146 2120 dicto
168 2059 259 2122 unius
278 2059 332 2124 vel'
350 2057 476 2123 ducrum
498 2061 529 2122 in
551 2058 621 2122 vilia
643 2060 708 2145 ipsa
731 2057 869 2124 adsedere
884 2056 1123 2144 praesumpserit,
1146 2065 1217 2118 tnnc
1233 2029 1260 2116 ei
1274 2063 1382 2116 testare
1399 2044 1460 2106 324·

50 2193 67 2233 rs
80 2168 162 2238 debet.
187 2185 216 2238 et
238 2175 264 2238 si
286 2175 415 2240 noluerit
436 2175 503 2240 inde
527 2177 621 2252 exire,
645 2152 693 2239 ilde
717 2177 768 2262 qni
791 2176 817 2238 ei
839 2184 929 2238 restat
952 2195 1017 2238 cnm
1041 2169 1167 2238 testibus
1190 2171 1232 2234 sic
1250 2171 1277 2232 ei
1296 2167 1383 2234 debet

78 2300 184 2355 testare:
215 2290 326 2370 »homo
349 2293 381 2356 in
402 2291 460 2356 hcc
481 2290 537 2356 tihi
558 2303 636 2358 testo
659 2294 746 2356 utin
768 2291 824 2356 hac
846 2302 932 2355 nocte
955 2290 1092 2376 proxima
1114 2290 1145 2374 in
1163 2285 1222 2352 hcc
1238 2283 1319 2372 quod
1333 2283 1383 2348 lex

79 2406 153 2472 salica
174 2405 267 2472 habet
289 2406 405 2484 sedeas,
437 2419 466 2472 et
487 2420 563 2474 testo
586 2408 643 2474 tibi
664 2421 699 2472 ut
721 2411 752 2473 in
775 2406 873 2472 decem
895 2418 997 2470 noctes
1021 2405 1057 2470 dc
1078 2405 1147 2470 villa
1167 2406 1224 2468 ista
1246 2400 1383 2488 egredere

80 2519 204 2588 debeas«
220 2523 283 2588 ..Εἰ
302 2536 408 2612 postea
431 2523 528 2590 adhuc
550 2537 620 2611 post
642 2524 742 2590 decem
762 2536 864 2589 noctes
879 2525 985 2588 iterum
1001 2521 1089 2621 debet
1104 2520 1143 2586 ad
1158 2541 1224 2586 eum
1239 2521 1339 2584 venire
1355 2529 1385 2582 et

81 2640 101 2700 ei
117 2651 220 2706 testare
242 2652 277 2704 nt
299 2642 405 2717 iterum
427 2643 458 2706 in
482 2637 577 2724 [alias]
603 2641 701 2708 decem
724 2653 825 2706 noctes
849 2652 943 2706 exeat.
982 2637 1016 2704 si
1037 2627 1135 2704 adhuc
1150 2639 1231 2704 exire
1245 2636 1382 2712 noluerit,

51 2773 70 2815 n
81 2755 168 2822 iterum
185 2759 274 2823 tertio
291 2756 389 2823 decem
404 2771 506 2824 noctes
522 2757 561 2823 ad
575 2759 716 2847 placitum
731 2779 817 2824 snum
832 2756 935 2835 addat,
959 2768 994 2822 nt
1009 2759 1051 2821 sic
1067 2754 1109 2822 30
1125 2767 1233 2822 noctes·
1243 2753 1384 2841 implean-

81 2883 124 2939 tur.
157 2873 193 2940 Si
214 2897 268 2940 nec
289 2886 360 2940 tnnc
383 2874 511 2940 voluerit
534 2879 623 2954 exire,
648 2889 720 2942 tunc
742 2865 873 2940 manniat
895 2896 960 2940 eum
979 2871 1016 2938 ad
1032 2872 1151 2938 mallum
1165 2885 1194 2938 et
1208 2885 1297 2938 testes
1313 2891 1384 2936 suos

84 3008 150 3078 super
172 2991 289 3080 singula
310 2981 417 3080 placita
441 2993 493 3080 qni
507 2990 627 3058 suerunt
641 2969 684 3059 ibi
699 3005 833 3085 praestus
849 2991 958 3058 habere
975 2989 1071 3056 debet.
1097 2983 1139 3054 St
1153 2991 1216 3076 ipse
1231 2991 1280 3064 ¹cui
1295 3000 1385 3054 testa-

84 3117 128 3172 tnn
140 3121 186 3176 cst
200 3108 329 3173 noluerit
340 3110 439 3174 venire
455 3121 484 3173 et
499 3085 565 3174 eum
581 3109 680 3198 aliqua
695 3111 797 3176 sunnis
813 3129 873 3174 non
888 3111 1027 3185 tennerit,
1045 3119 1075 3173 et
1089 3110 1146 3172 ista
1159 3128 1234 3194 qnae
1250 3108 1385 3193 superius

80 3221 192 3292 diximus
223 3227 320 3290 omnia
350 3223 510 3290 secundum
538 3224 631 3314 legem
661 3239 705 3292 est
726 3237 867 3309 testatus,
899 3235 971 3290 tunc
993 3226 1057 3322 ipse
1081 3226 1132 3310 qni
1155 3225 1276 3288 testavit
1298 3242 1388 3308 super

48 3331 189 3408 resnrtuna
216 3364 270 3407 sua
298 3353 390 3428 ponat
418 3353 447 3406 et
473 3354 559 3430 reget
586 3337 764 3430 grafionem¹
792 3356 827 3408 ut
848 3340 969 3407 accedat
992 3339 1030 3405 ad
1052 3340 1150 3404 locum
1173 3353 1208 3404 nt
1231 3361 1297 3404 enm
1319 3338 1386 3402 inde

77 3460 199 3546 expellat.
237 3457 275 3522 Idt
299 3459 367 3545 quia
389 3457 482 3546 legem
498 3457 595 3524 noluit
612 3459 728 3538 audire,
754 3455 892 3546 quodibi
909 3457 1057 3522 laboravit
1073 3455 1207 3520 demittat
1223 3467 1252 3520 ct
1267 3457 1388 3541 insuper

75 3575 151 3640 nalb.
175 3568 397 3640 uuidrisittclo¹
419 3575 477 3640 hoc
500 3588 544 3641 est
568 3572 653 3641 1200
676 3575 805 3644 dinarios
830 3577 881 3663 qni
903 3573 1016 3640 faciunt
1038 3572 1151 3638 solidos
1175 3571 1218 3638 30
1235 3569 1387 3658 culpabilis

75 3690 245 3758 iudicetur*
302 3691 331 3756 2.
356 3689 390 3757 Si
412 3712 483 3756 vero
508 3694 574 3780 quis
597 3695 769 3781 migraverit
789 3704 818 3757 et
839 3694 865 3756 ei
886 3689 963 3756 infra
985 3690 1141 3756 duodecim
1162 3711 1273 3756 menses
1288 3687 1387 3756 nullus
1406 3689 1484 3756 ⁰127.

74 3819 188 3877 testatus
209 3804 340 3885 suerin*
362 3829 484 3874 securus
507 3811 584 3875 sicut
606 3821 636 3875 et
658 3809 707 3875 alii
728 3810 818 3875 vicini
840 3821 959 3874 manent
981 3809 1028 3909 ille
1051 3791 1174 3874 maneat.
1405 3810 1485 3870 ⁸236.

479 3995 598 4075 XLVI.
639 3997 692 4076 De
720 3987 974 4076 adfathamire¹

76 4149 127 4220 hoc
156 4159 293 4224 convenit
321 4155 494 4236 observare,
524 4171 558 4222 ut
585 4157 750 4246 thnnginus
780 4173 832 4226 ant
854 4158 1037 4228 centenarius
1064 4136 1183 4239 mallum
1206 4155 1337 4222 indicant
1360 4165 1389 4220 et
1455 4231 1460 4246 Ι

76 4287 183 4342 scutum
206 4279 236 4340 in
260 4279 326 4363 ipsc
350 4277 435 4354 mallo
459 4274 568 4340 habere
591 4275 703 4344 debent
723 4291 753 4344 et
775 4291 834 4344 tres
858 4256 991 4341 homines
1015 4288 1074 4340 tres
1094 4297 1197 4340 causas
1214 4275 1388 4340 demandare

75 4480 149 4540 XLV.
174 4487 192 4557 ¹)
210 4485 253 4542 ita
270 4474 396 4542 scribunt
415 4485 438 4540 1.
457 4485 482 4542 2.
502 4483 527 4542 3.
547 4484 572 4540 5.
587 4484 612 4541 7.
630 4483 655 4541 8.
674 4484 699 4540 9.
754 4487 923 4543 uuidrcsitelo
948 4483 974 4540 7.
1005 4485 1169 4540 unidrosilite
1193 4483 1220 4542 8.
1249 4487 1346 4540 nnidre
1367 4487 1389 4540 si

76 4573 157 4643 graffio
184 4575 210 4631 1.
245 4575 338 4649 garnie
365 4573 453 4632 semel
477 4575 502 4630 5.
542 4574 646 4650 graphio
674 4575 700 4632 6.
754 4577 824 4630 thelc
843 4575 868 4630 9.
898 4575 990 4630 nuidre
1009 4594 1038 4630 sa
1054 4575 1124 4629 thale
1145 4575 1186 4629 10.

76 4666 157 4731 gravio
176 4662 217 4720 10.
754 4665 849 4720 XLVI.
879 4666 898 4734 ¹)
916 4664 959 4722 ita
972 4665 997 4721 2.
1023 4665 1069 4720 hac
1087 4665 1201 4724 famirem
1215 4665 1238 4720 1.
1263 4665 1390 4720 aciatmire

111 4753 130 4820 ¹)
152 4752 191 4809 r'tc
204 4753 229 4810 1.
253 4755 424 4812 unedrcsitele
437 4755 463 4814 2.
484 4753 661 4813 ἰιιιίιὶιῑιιίιοΙο
675 4755 700 4813 6.
754 4753 780 4810 3.
800 4755 922 4811 adramire
931 4755 957 4810 4.
976 4755 1112 4828 achrpmirc
1121 4754 1146 4810 5.
1157 4754 1181 4810 6.
1201 4753 1389 4810 effaetumirei.

1108 4853 1125 4906 4
